1996 3322
145 322 164 347 to

174 322 193 347 {Q

179 721 279 748 There
300 722 324 747 is
346 729 382 747 an

162 756 322 789 exception
345 756 393 782 sor

181 791 383 825 multipliable

190 826 294 859 bciugs
315 825 373 851 and

146 862 209 887 also
231 860 278 886 for
300 864 417 891 matter,

183 896 245 922 that
266 902 319 921 cau
343 895 377 921 be

184 930 325 964 partially
346 929 375 956 in

146 965 284 991 different
301 964 417 998 places:

151 1001 203 1026 but
225 1003 277 1025 not
298 999 412 1034 wholly

192 1034 251 1061 and
273 1038 302 1060 at
322 1034 371 1060 [lie

191 1077 274 1095 same
294 1069 377 1095 time.

228 1231 251 1258 5.
273 1230 339 1257 The

146 1270 307 1301 argument
330 1266 353 1291 is
370 1270 421 1291 not

157 1301 249 1336 good.
272 1301 404 1327 Because

190 1336 273 1362 there
294 1335 320 1361 is
342 1343 380 1361 no

148 1374 333 1401 moremeut,
354 1370 373 1396 i.
396 1378 420 1396 e.

147 1406 262 1439 change
278 1406 307 1431 ot
325 1405 420 1437 place,

190 1441 211 1466 it
232 1440 306 1466 does
328 1443 379 1465 not

192 1475 292 1501 lolloxx‘
315 1475 378 1500 that

190 1510 273 1535 there
294 1509 319 1535 is
341 1517 379 1535 no

148 1548 335 1575 moventem,
357 1544 374 1570 i.
397 1552 421 1570 c.

180 1579 330 1612 tendency
352 1583 381 1604 to

157 1622 256 1645 move,
278 1614 414 1640 whether

168 1648 251 1675 there
272 1648 297 1674 is
318 1656 352 1674 or
373 1648 398 1674 is

167 1687 218 1709 not
239 1684 354 1717 change
375 1683 410 1709 os

234 1718 329 1752 place.

176 1752 253 1778 This
275 1756 338 1778 sort
359 1752 393 1778 os

162 1792 335 1813 movemcnt
358 1786 412 1813 lias

175 1825 227 1848 not
246 1822 295 1847 the
317 1830 400 1847 same

184 1856 387 1890 signification

186 1899 218 1917 as
240 1890 380 1922 Αειςιτεῃΐς

168 1925 301 1960 perhaps
323 1933 401 1951 none

152 1961 226 1987 have
247 1962 296 1986 the
318 1968 418 1991 sarne;

167 1995 224 2022 and
247 1995 331 2021 there
352 2003 401 2021 are

198 2034 274 2056 rests
295 2030 328 2056 οῖ’
346 2038 379 2056 us

165 2072 257 2099 many
279 2069 360 2090 sorts
383 2072 414 2090 as

215 2099 297 2125 there
319 2107 368 2125 are

188 2138 390 2160 movcmeuts.

174 2215 245 2241 lx’est
263 2214 337 2240 does
358 2218 410 2240 not

210 2250 306 2284 imply
328 2256 366 2275 uo

179 2287 353 2310 mox-efflent
374 2287 402 2309 at

206 2319 253 2351 all,
276 2319 327 2344 but
348 2317 369 2344 it

156 2354 260 2380 denies
281 2360 337 2379 oue
359 2356 422 2378 sort

152 2389 186 2414 os
203 2392 378 2414 movemeut
400 2391 427 2413 at

159 2431 174 2449 a
195 2422 307 2449 certain
330 2422 419 2453 ti1ne3

191 2457 215 2484 ir·
232 2457 282 2484 tlte
302 2456 386 2483 earth

159 2500 238 2518 were
259 2492 371 2526 simply
392 2495 421 2517 to

199 2526 341 2558 descend,
364 2526 385 2552 it

197 2561 297 2587 would
323 2564 379 2587 rest

170 2596 248 2622 from
270 2596 305 2621 all
329 2595 415 2621 other

190 2634 382 2656 mox-emerus

188 2664 210 2690 lt
232 2672 290 2699 any
313 2664 393 2699 body

158 2707 273 2726 moves.
298 2699 316 2725 it
339 2703 425 2730 rests,

185 2734 236 2759 but
257 2738 309 2760 not
330 2733 394 2760 vice

240 2776 340 2794 versa.

869 314 1092 346 ,IOHANNIS
1119 313 1303 345 WYCLIF
1579 309 1668 337 CAP.
1688 309 1740 337 IX.

433 423 659 460 activitatis.
709 424 756 458 Et
800 421 889 458 talis
934 434 1014 457 non
1062 421 1162 457 inest
1195 420 1499 469 quantitatibUS,
1539 432 1629 455 cum
1664 431 1744 455 non

433 481 510 517 sint
555 482 602 516 de
648 492 790 528 genere
835 479 1070 516 activorum.
1117 481 1222 515 Loca
1268 488 1416 524 autem,
1450 477 1632 526 quamvis
1664 489 1744 513 non

434 539 693 575 denominent
746 538 967 574 formaliter
1013 549 1181 585 corpora
1230 536 1436 572 individua
1485 535 1622 581 locari,
1676 535 1744 570 sed

434 597 679 641 communia,
722 605 855 632 tamen
897 594 1159 632 denominant
1208 594 1425 630 efficienter
1469 606 1641 641 corpora
1686 592 1743 628 in-

434 655 595 691 dividua
628 654 767 697 locari,
802 655 1008 690 causando
1032 652 1290 689 ubicaciones
1316 651 1540 688 formaliter
1564 649 1777 688 dammi-5

433 722 588 749 nantes.
635 711 947 759 Multiplicatum
991 723 1084 759 ergo
1126 719 1257 758 potest
1295 710 1414 746 simul
1454 722 1537 745 esse
1577 709 1616 745 in
1647 707 1745 745 locis

435 770 768 815 contrariis,sicut
788 778 823 805 et
835 782 1071 817 corporeum
1089 781 1170 805 non
1187 767 1499 815 multiplicatum
1520 771 1575 805 2m
1599 775 1744 815 partes.

435 830 511 865 Sed
545 828 667 864 nichil
701 836 830 876 potest
872 827 990 863 simul
1025 836 1061 863 et
1094 827 1217 863 semel
1249 838 1320 874 per
1353 838 1393 862 se
1427 834 1463 861 et
1495 824 1627 873 primo
1662 836 1746 860 esse

434 887 472 922 in
507 886 604 922 locis
637 885 862 924 contrariis.
896 888 943 921 Et
977 898 1020 921 ex
1053 884 1137 921 istis
1171 893 1280 932 patet
1313 885 1420 932 quod
1461 883 1602 931 sagitta
1635 891 1746 918 mota

434 954 540 981 recte
586 953 623 980 et
667 943 860 991 vertigine
906 952 1088 979 movetur
1122 939 1173 980 2Ci
1210 951 1321 978 motu
1354 942 1394 977 in
1439 941 1570 989 specie
1614 940 1746 986 simul,
1770 954 1806 974 ιο

434 1003 525 1051 quia
574 1011 705 1038 motus
750 1010 880 1038 rectus
929 1001 1201 1037 contrariatur
1246 999 1279 1036 ei
1313 999 1380 1048 qui
1414 1008 1471 1035 est
1504 1007 1666 1035 econtra
1699 998 1748 1034 ad

435 1060 707 1096 differenciam
740 1059 982 1108 oppositam,
1017 1069 1053 1095 et
1088 1071 1167 1095 non
1201 1058 1268 1094 illa
1302 1056 1615 1102 circumduccio,
1649 1055 1751 1092 sicut

435 1127 542 1167 patet
587 1131 629 1154 ex
674 1117 949 1165 descripcione
995 1126 1175 1153 motuum
1226 1115 1521 1152 contrariorum
1568 1113 1750 1163 superius

435 1177 577 1225 posita.

495 1236 554 1269 Ad
590 1238 646 1281 5¹¹¹
683 1242 852 1281 negatur
897 1241 1193 1281 argumentum.
1245 1234 1325 1268 Nec
1370 1231 1551 1280 sequitur
1604 1229 1806 1266 mobile15

437 1306 516 1328 non
553 1291 703 1328 moveri
736 1291 930 1337 localiter,
972 1291 1045 1327 etsi
1085 1299 1246 1326 maneat
1291 1289 1479 1326 continue
1523 1288 1562 1324 in
1608 1289 1747 1325 eodem

437 1350 538 1396 situ3
589 1350 684 1398 quia
728 1358 863 1397 preter
908 1358 1061 1385 motum
1109 1349 1276 1385 localem
1324 1360 1442 1396 quem
1489 1346 1751 1395 consequitur

438 1408 663 1456 adquisicio
708 1416 745 1443 et
791 1406 1021 1455 deperdicio
1061 1406 1172 1449 situs,
1220 1415 1276 1442 est
1310 1407 1404 1441 dare
1437 1404 1559 1442 alium
1593 1404 1662 1452 qui
1697 1413 1753 1440 est

439 1466 633 1502 limitacio
665 1465 822 1513 passiva
846 1466 895 1500 ad
920 1465 1128 1500 intendum
1160 1476 1294 1500 versus
1318 1463 1436 1499 aliam
1463 1462 1751 1507 differenciam,

439 1524 517 1560 sive
552 1524 698 1560 mobile
745 1523 922 1571 quiescat
967 1522 1159 1564 localiter,
1206 1521 1285 1558 sive
1330 1534 1434 1565 non;
1469 1529 1506 1556 et
1539 1520 1607 1556 tali
1642 1529 1753 1556 motu
1771 1535 1811 1555 20

441 1591 622 1618 movetur
668 1581 767 1628 lapis
812 1590 848 1617 et
894 1581 1100 1628 quodlibet
1149 1593 1267 1627 grave
1311 1579 1572 1616 violentatum
1616 1591 1637 1615 a
1677 1578 1753 1614 situ

439 1653 558 1688 quem
594 1639 746 1687 appetit
780 1638 967 1675 continue
1007 1651 1141 1675 versus
1187 1640 1388 1675 deorsum.
1435 1639 1516 1673 Nec
1562 1645 1619 1672 est
1664 1636 1753 1672 talis

441 1707 571 1734 motus
611 1697 777 1734 univoce
816 1698 927 1733 velox
961 1709 1048 1732 cum
1100 1696 1274 1732 motibus
1321 1694 1562 1743 ponentibus
1609 1693 1754 1730 mobile

439 1755 767 1804 appropinquare
814 1755 901 1799 fixo,
943 1754 1045 1791 sicut
1089 1763 1180 1790 sunt
1215 1766 1401 1790 ascensus
1447 1762 1484 1789 et
1517 1753 1753 1796 descensus3

439 1814 539 1850 sicut
574 1814 673 1850 forte
706 1826 784 1849 non
818 1822 910 1848 sunt
955 1812 1124 1849 univoce
1157 1821 1287 1848 motus
1321 1824 1409 1847 cum
1446 1810 1533 1848 illis.
1584 1812 1631 1846 Et
1665 1822 1754 1846 cum
1772 1814 1811 1846 25

439 1881 497 1907 tot
544 1871 674 1908 modis
725 1870 871 1907 dicitur
909 1884 1032 1906 unum
1079 1869 1359 1918 oppositorum
1405 1878 1502 1917 quot
1545 1867 1674 1904 modis
1719 1876 1756 1904 et

442 1929 654 1978 reliquum,
691 1938 799 1976 patet
841 1930 947 1976 quod
973 1938 1029 1964 est
1063 1929 1158 1964 dare
1191 1927 1342 1976 quietes
1376 1936 1435 1963 tot
1469 1926 1598 1962 modis
1632 1925 1757 1962 dictas

441 1987 524 2023 istis
560 1987 734 2024 motibus
767 1986 972 2035 oppositas
1015 1986 1020 2037 Ι
1049 1987 1178 2032 Unde,
1212 1985 1314 2021 sicut
1348 1994 1425 2021 stat
1457 1984 1561 2020 idem
1597 1983 1894 2029 alterariss107f·

443 2055 479 2081 et
513 2046 716 2094 quiescere
750 2044 931 2081 localiter
965 2053 1001 2080 et
1035 2053 1211 2089 econtra,
1252 2043 1308 2079 sic
1341 2051 1418 2079 stat
1453 2042 1558 2078 idem
1594 2054 1664 2088 per
1696 2050 1754 2077 to-

443 2112 526 2139 tum
553 2103 702 2139 moveri
728 2102 908 2139 localiter
932 2111 968 2138 et
992 2102 1196 2150 quiescere
1220 2101 1400 2137 localiter
1424 2099 1558 2136 multis
1582 2098 1756 2135 motibus
1774 2104 1815 2135 '30

444 2170 479 2197 et
515 2161 647 2197 multis
681 2160 893 2209 quietibus,
928 2161 996 2196 sed
1029 2173 1110 2196 non
1143 2159 1351 2207 oppositis,

503 2221 615 2255 Unde
650 2219 791 2254 falsum
833 2226 890 2254 est
924 2219 1030 2265 quod
1066 2217 1259 2266 quiescere
1290 2215 1459 2252 includit
1492 2215 1754 2263 negacionem

443 2276 573 2312 omnis
628 2285 760 2312 motus
794 2288 815 2311 a
849 2276 1092 2323 quiescente,
1148 2287 1237 2311 curn
1293 2273 1440 2309 sufficit
1485 2275 1534 2309 ad
1580 2272 1753 2321 quietem

445 2334 603 2370 mobilis
636 2335 743 2382 quod
780 2333 911 2380 ipsum
945 2342 1083 2369 natum
1119 2332 1168 2368 sit
1203 2331 1352 2368 moveri
1376 2331 1445 2367 tali
1469 2330 1600 2379 specie
1625 2339 1756 2367 motus

445 2405 517 2440 pro
551 2401 732 2440 tempore
767 2404 838 2439 pro
872 2404 951 2439 quo
992 2403 1073 2427 non
1113 2399 1295 2427 movetur
1335 2389 1400 2425 illa
1440 2389 1589 2437 specie:
1631 2397 1685 2434 ut,
1725 2388 1813 2424 si35

444 2459 548 2486 terra
590 2449 826 2486 naturaliter
873 2462 970 2496 pure
1016 2447 1221 2485 descendit
1266 2447 1304 2483 in
1349 2460 1475 2484 vacuo
1519 2447 1579 2483 vel
1624 2445 1755 2482 medio

444 2520 685 2555 quocunque
730 2506 1025 2555 quantumlibet
1068 2505 1269 2550 velociter,
1315 2515 1408 2541 tunc
1453 2504 1539 2552 ipsa
1583 2504 1755 2551 perfecte

443 2565 611 2613 quiescit
645 2578 665 2601 a
701 2574 810 2600 motu
858 2564 1041 2600 circulari
1074 2565 1133 2600 vel
1179 2572 1289 2599 motu
1334 2562 1507 2599 violento
1541 2560 1756 2599 contrario.

444 2625 491 2658 Et
525 2623 592 2665 sic,
628 2623 658 2658 si
683 2635 827 2670 corpus
853 2633 1047 2663 movetur,
1081 2630 1177 2658 tunc
1201 2620 1383 2669 quiescit,
1418 2629 1454 2656 et
1488 2632 1569 2655 non
1592 2618 1754 2667 proprie

519 2837 546 2863 (ᾧ.
577 2827 671 2864 muiffi
698 2837 728 2863 Η.
848 2845 885 2871 ¹7·
905 2827 934 2870 Ξ,
958 2837 988 2863 Η.
1098 2835 1140 2862 23.
1164 2836 1215 2861 v'te
1236 2835 1267 2862 ss.
1377 2834 1418 2862 25.
1441 2835 1493 2861 v'te
1515 2834 1546 2861 Β.

523 2934 573 2974 39.
606 2931 700 2963 Tunc
725 2930 879 2972 quiescit.
908 2931 1061 2962 Because
1082 2930 1106 2960 it
1123 2929 1185 2961 has
1205 2936 1263 2960 not
1282 2929 1330 2960 all
1349 2929 1504 2971 possible
1525 2934 1755 2960 movements.
