<?xml version="1.0" encoding="UTF-8"?>
<!DOCTYPE html PUBLIC "-//W3C//DTD XHTML 1.0 Transitional//EN"
    "http://www.w3.org/TR/xhtml1/DTD/xhtml1-transitional.dtd">
<html xmlns="http://www.w3.org/1999/xhtml" xml:lang="en" lang="en">
 <head>
  <title>
</title>
<meta http-equiv="Content-Type" content="text/html;charset=utf-8" />
  <meta name='ocr-system' content='tesseract 3.04.00' />
  <meta name='ocr-capabilities' content='ocr_page ocr_carea ocr_par ocr_line ocrx_word'/>
</head>
<body>
  <div class='ocr_page' id='page_1' title='image "./johanniswycliftr1403wycl/johanniswycliftr1403wycl_0262.png"; bbox 0 0 1996 3322; ppageno 0'>
   <div class='ocr_carea' id='block_1_1' title="bbox 187 266 267 292">
    <p class='ocr_par' dir='ltr' id='par_1_1' title="bbox 187 266 267 292">
     <span class='ocr_line' id='line_1_1' title="bbox 187 267 205 292; textangle 90"><span class='ocrx_word' id='word_1_1' title='bbox 187 267 205 292; x_wconf 55' lang='grc' dir='ltr'>Ι»</span> 
     </span>
     <span class='ocr_line' id='line_1_2' title="bbox 216 266 267 292; textangle 90"><span class='ocrx_word' id='word_1_2' title='bbox 216 266 267 292; x_wconf 66' lang='grc' dir='ltr'><em>Ιό</em></span> 
     </span>
    </p>
   </div>
   <div class='ocr_carea' id='block_1_2' title="bbox 184 446 459 750">
    <p class='ocr_par' dir='ltr' id='par_1_2' title="bbox 184 446 459 750">
     <span class='ocr_line' id='line_1_3' title="bbox 188 446 456 473; baseline -0.007 0"><span class='ocrx_word' id='word_1_3' title='bbox 188 447 235 473; x_wconf 75' lang='lat' dir='ltr'>No</span> <span class='ocrx_word' id='word_1_4' title='bbox 257 454 313 472; x_wconf 78' lang='lat' dir='ltr'>one</span> <span class='ocrx_word' id='word_1_5' title='bbox 335 453 387 472; x_wconf 82' lang='lat' dir='ltr'>can</span> <span class='ocrx_word' id='word_1_6' title='bbox 411 446 456 472; x_wconf 78' lang='lat' dir='ltr'>sin</span> 
     </span>
     <span class='ocr_line' id='line_1_4' title="bbox 228 481 413 507; baseline -0.011 0"><span class='ocrx_word' id='word_1_7' title='bbox 228 481 257 507; x_wconf 92' lang='lat' dir='ltr'>in</span> <span class='ocrx_word' id='word_1_8' title='bbox 279 483 328 507; x_wconf 76' lang='lat' dir='ltr'>tlte</span> <span class='ocrx_word' id='word_1_9' title='bbox 349 481 413 507; x_wconf 81' lang='lat' dir='ltr'>tirst</span> 
     </span>
     <span class='ocr_line' id='line_1_5' title="bbox 206 515 439 542; baseline -0.009 0"><span class='ocrx_word' id='word_1_10' title='bbox 206 520 319 542; x_wconf 84' lang='lat' dir='ltr'>instant</span> <span class='ocrx_word' id='word_1_11' title='bbox 341 515 374 541; x_wconf 76' lang='lat' dir='ltr'>ot‘</span> <span class='ocrx_word' id='word_1_12' title='bbox 394 515 439 541; x_wconf 78' lang='lat' dir='ltr'>liis</span> 
     </span>
     <span class='ocr_line' id='line_1_6' title="bbox 196 550 445 584; baseline -0.004 -8"><span class='ocrx_word' id='word_1_13' title='bbox 196 551 296 584; x_wconf 72' lang='lat' dir='ltr'>being,</span> <span class='ocrx_word' id='word_1_14' title='bbox 318 550 445 576; x_wconf 76' lang='lat' dir='ltr'>because</span> 
     </span>
     <span class='ocr_line' id='line_1_7' title="bbox 184 584 459 619; baseline -0.004 -9"><span class='ocrx_word' id='word_1_15' title='bbox 184 586 265 614; x_wconf 71' lang='lat' dir='ltr'>(lod,</span> <span class='ocrx_word' id='word_1_16' title='bbox 288 584 459 619; x_wconf 62' lang='lat' dir='ltr'>producing</span> 
     </span>
     <span class='ocr_line' id='line_1_8' title="bbox 186 619 457 653; baseline 0.007 -8"><span class='ocrx_word' id='word_1_17' title='bbox 186 621 248 646; x_wconf 83' lang='lat' dir='ltr'>tliat</span> <span class='ocrx_word' id='word_1_18' title='bbox 271 620 359 653; x_wconf 75' lang='lat' dir='ltr'>being</span> <span class='ocrx_word' id='word_1_19' title='bbox 375 619 457 647; x_wconf 80' lang='lat' dir='ltr'>tlien.</span> 
     </span>
     <span class='ocr_line' id='line_1_9' title="bbox 226 654 414 681; baseline 0 -2"><span class='ocrx_word' id='word_1_20' title='bbox 226 655 327 681; x_wconf 83' lang='lat' dir='ltr'>would</span> <span class='ocrx_word' id='word_1_21' title='bbox 350 654 414 680; x_wconf 72' lang='lat' dir='ltr'>also</span> 
     </span>
     <span class='ocr_line' id='line_1_10' title="bbox 220 689 423 723; baseline -0.005 -8"><span class='ocrx_word' id='word_1_22' title='bbox 220 690 354 723; x_wconf 73' lang='lat' dir='ltr'>produce</span> <span class='ocrx_word' id='word_1_23' title='bbox 374 689 423 714; x_wconf 76' lang='lat' dir='ltr'>tlte</span> 
     </span>
     <span class='ocr_line' id='line_1_11' title="bbox 186 724 455 750; baseline -0.004 0"><span class='ocrx_word' id='word_1_24' title='bbox 186 725 271 750; x_wconf 71' lang='lat' dir='ltr'>illicit</span> <span class='ocrx_word' id='word_1_25' title='bbox 292 728 338 750; x_wconf 82' lang='lat' dir='ltr'>act</span> <span class='ocrx_word' id='word_1_26' title='bbox 354 724 455 750; x_wconf 61' lang='lat' dir='ltr'>ot‘sin</span> 
     </span>
    </p>
   </div>
   <div class='ocr_carea' id='block_1_3' title="bbox 181 1070 456 1312">
    <p class='ocr_par' dir='ltr' id='par_1_3' title="bbox 181 1070 456 1312">
     <span class='ocr_line' id='line_1_12' title="bbox 240 1070 395 1096; baseline -0.013 0"><span class='ocrx_word' id='word_1_27' title='bbox 240 1071 290 1096; x_wconf 68' lang='lat' dir='ltr'>All</span> <span class='ocrx_word' id='word_1_28' title='bbox 312 1070 395 1096; x_wconf 73' lang='lat' dir='ltr'>these</span> 
     </span>
     <span class='ocr_line' id='line_1_13' title="bbox 237 1105 402 1139; baseline 0 -10"><span class='ocrx_word' id='word_1_29' title='bbox 237 1105 402 1139; x_wconf 71' lang='lat' dir='ltr'>positions,</span> 
     </span>
     <span class='ocr_line' id='line_1_14' title="bbox 226 1139 413 1174; baseline 0 -9"><span class='ocrx_word' id='word_1_30' title='bbox 226 1139 351 1173; x_wconf 72' lang='lat' dir='ltr'>granted</span> <span class='ocrx_word' id='word_1_31' title='bbox 376 1140 413 1174; x_wconf 78' lang='lat' dir='ltr'>by</span> 
     </span>
     <span class='ocr_line' id='line_1_15' title="bbox 181 1174 456 1207; baseline 0 -7"><span class='ocrx_word' id='word_1_32' title='bbox 181 1175 345 1207; x_wconf 61' lang='lat' dir='ltr'>ignorance</span> <span class='ocrx_word' id='word_1_33' title='bbox 360 1182 393 1200; x_wconf 85' lang='lat' dir='ltr'>or</span> <span class='ocrx_word' id='word_1_34' title='bbox 410 1174 456 1200; x_wconf 85' lang='lat' dir='ltr'>tor</span> 
     </span>
     <span class='ocr_line' id='line_1_16' title="bbox 223 1209 418 1235; baseline 0 0"><span class='ocrx_word' id='word_1_35' title='bbox 223 1210 272 1235; x_wconf 71' lang='lat' dir='ltr'>tlte</span> <span class='ocrx_word' id='word_1_36' title='bbox 293 1209 363 1235; x_wconf 59' lang='lat' dir='ltr'>salte</span> <span class='ocrx_word' id='word_1_37' title='bbox 383 1209 418 1235; x_wconf 37' lang='lat' dir='ltr'>ot*</span> 
     </span>
     <span class='ocr_line' id='line_1_17' title="bbox 199 1248 438 1277; baseline -0.004 -7"><span class='ocrx_word' id='word_1_38' title='bbox 199 1248 367 1277; x_wconf 68' lang='lat' dir='ltr'>argument,</span> <span class='ocrx_word' id='word_1_39' title='bbox 389 1251 438 1269; x_wconf 81' lang='lat' dir='ltr'>are</span> 
     </span>
     <span class='ocr_line' id='line_1_18' title="bbox 221 1278 412 1312; baseline 0 -8"><span class='ocrx_word' id='word_1_40' title='bbox 221 1278 412 1312; x_wconf 72' lang='lat' dir='ltr'>impossible.</span> 
     </span>
    </p>
   </div>
   <div class='ocr_carea' id='block_1_4' title="bbox 176 1360 453 2539">
    <p class='ocr_par' dir='ltr' id='par_1_4' title="bbox 180 1360 453 1914">
     <span class='ocr_line' id='line_1_19' title="bbox 214 1360 418 1393; baseline -0.005 -8"><span class='ocrx_word' id='word_1_41' title='bbox 214 1362 254 1393; x_wconf 68' lang='lat'>(4)</span> <span class='ocrx_word' id='word_1_42' title='bbox 275 1360 285 1386; x_wconf 81' lang='grc' dir='ltr'>Ι</span> <span class='ocrx_word' id='word_1_43' title='bbox 309 1363 418 1385; x_wconf 81' lang='lat' dir='ltr'>cannot</span> 
     </span>
     <span class='ocr_line' id='line_1_20' title="bbox 250 1394 390 1428; baseline -0.014 -7"><span class='ocrx_word' id='word_1_44' title='bbox 250 1394 310 1421; x_wconf 86' lang='lat' dir='ltr'>lind</span> <span class='ocrx_word' id='word_1_45' title='bbox 332 1402 390 1428; x_wconf 65' lang='lat' dir='ltr'>any</span> 
     </span>
     <span class='ocr_line' id='line_1_21' title="bbox 180 1433 453 1462; baseline -0.007 -7"><span class='ocrx_word' id='word_1_46' title='bbox 180 1437 285 1455; x_wconf 71' lang='lat' dir='ltr'>means</span> <span class='ocrx_word' id='word_1_47' title='bbox 307 1433 337 1454; x_wconf 81' lang='lat' dir='ltr'>to</span> <span class='ocrx_word' id='word_1_48' title='bbox 360 1436 453 1462; x_wconf 62' lang='lat' dir='ltr'>prove</span> 
     </span>
     <span class='ocr_line' id='line_1_22' title="bbox 191 1463 439 1490; baseline -0.004 0"><span class='ocrx_word' id='word_1_49' title='bbox 191 1464 253 1490; x_wconf 76' lang='lat' dir='ltr'>tliat</span> <span class='ocrx_word' id='word_1_50' title='bbox 274 1463 322 1490; x_wconf 79' lang='lat' dir='ltr'>tlie</span> <span class='ocrx_word' id='word_1_51' title='bbox 345 1463 439 1489; x_wconf 79' lang='lat' dir='ltr'>world</span> 
     </span>
     <span class='ocr_line' id='line_1_23' title="bbox 217 1506 412 1525; baseline -0.015 0"><span class='ocrx_word' id='word_1_52' title='bbox 217 1506 322 1525; x_wconf 85' lang='lat' dir='ltr'>moves</span> <span class='ocrx_word' id='word_1_53' title='bbox 344 1506 412 1524; x_wconf 81' lang='lat' dir='ltr'>now</span> 
     </span>
     <span class='ocr_line' id='line_1_24' title="bbox 219 1534 413 1566; baseline -0.005 -7"><span class='ocrx_word' id='word_1_54' title='bbox 219 1534 321 1566; x_wconf 61' lang='lat' dir='ltr'>nister,</span> <span class='ocrx_word' id='word_1_55' title='bbox 343 1540 413 1558; x_wconf 85' lang='lat' dir='ltr'>now</span> 
     </span>
     <span class='ocr_line' id='line_1_25' title="bbox 248 1568 375 1599; baseline -0.008 -5"><span class='ocrx_word' id='word_1_56' title='bbox 248 1568 375 1599; x_wconf 78' lang='lat' dir='ltr'>sl‹)wer;</span> 
     </span>
     <span class='ocr_line' id='line_1_26' title="bbox 223 1609 413 1636; baseline 0 -8"><span class='ocrx_word' id='word_1_57' title='bbox 223 1611 256 1628; x_wconf 78' lang='lat' dir='ltr'>so</span> <span class='ocrx_word' id='word_1_58' title='bbox 278 1611 322 1628; x_wconf 88' lang='lat' dir='ltr'>we</span> <span class='ocrx_word' id='word_1_59' title='bbox 344 1609 413 1636; x_wconf 80' lang='lat' dir='ltr'>may</span> 
     </span>
     <span class='ocr_line' id='line_1_27' title="bbox 228 1637 409 1664; baseline -0.006 -1"><span class='ocrx_word' id='word_1_60' title='bbox 228 1637 323 1664; x_wconf 85' lang='lat' dir='ltr'>admit</span> <span class='ocrx_word' id='word_1_61' title='bbox 346 1637 409 1663; x_wconf 72' lang='lat' dir='ltr'>that</span> 
     </span>
     <span class='ocr_line' id='line_1_28' title="bbox 204 1672 418 1707; baseline -0.005 -9"><span class='ocrx_word' id='word_1_62' title='bbox 204 1672 367 1707; x_wconf 74' lang='lat' dir='ltr'>regularity</span> <span class='ocrx_word' id='word_1_63' title='bbox 388 1673 418 1697; x_wconf 79' lang='lat' dir='ltr'>ot</span> 
     </span>
     <span class='ocr_line' id='line_1_29' title="bbox 186 1711 441 1734; baseline -0.008 -1"><span class='ocrx_word' id='word_1_64' title='bbox 186 1711 360 1734; x_wconf 86' lang='lat' dir='ltr'>movement</span> <span class='ocrx_word' id='word_1_65' title='bbox 383 1714 407 1732; x_wconf 72' lang='lat' dir='ltr'>is</span> <span class='ocrx_word' id='word_1_66' title='bbox 428 1714 441 1731; x_wconf 83' lang='lat' dir='ltr'>a</span> 
     </span>
     <span class='ocr_line' id='line_1_30' title="bbox 232 1741 390 1775; baseline -0.006 -7"><span class='ocrx_word' id='word_1_67' title='bbox 232 1741 390 1775; x_wconf 67' lang='lat' dir='ltr'>necessity.</span> 
     </span>
     <span class='ocr_line' id='line_1_31' title="bbox 187 1776 439 1809; baseline -0.012 -5"><span class='ocrx_word' id='word_1_68' title='bbox 187 1777 275 1804; x_wconf 76' lang='lat' dir='ltr'>Tlius</span> <span class='ocrx_word' id='word_1_69' title='bbox 297 1784 340 1802; x_wconf 85' lang='lat' dir='ltr'>we</span> <span class='ocrx_word' id='word_1_70' title='bbox 361 1776 439 1809; x_wconf 57' lang='lat' dir='ltr'>denis</span> 
     </span>
     <span class='ocr_line' id='line_1_32' title="bbox 241 1810 390 1837; baseline 0.007 -2"><span class='ocrx_word' id='word_1_71' title='bbox 241 1811 320 1837; x_wconf 73' lang='lat' dir='ltr'>wliat</span> <span class='ocrx_word' id='word_1_72' title='bbox 342 1810 390 1837; x_wconf 78' lang='lat' dir='ltr'>tlte</span> 
     </span>
     <span class='ocr_line' id='line_1_33' title="bbox 233 1850 393 1879; baseline -0.006 -7"><span class='ocrx_word' id='word_1_73' title='bbox 233 1850 393 1879; x_wconf 72' lang='lat' dir='ltr'>argument</span> 
     </span>
     <span class='ocr_line' id='line_1_34' title="bbox 230 1888 393 1914; baseline -0.012 -7"><span class='ocrx_word' id='word_1_74' title='bbox 230 1888 393 1914; x_wconf 73' lang='lat' dir='ltr'>supposes.</span> 
     </span>
    </p>

    <p class='ocr_par' dir='ltr' id='par_1_5' title="bbox 176 1915 449 2539">
     <span class='ocr_line' id='line_1_35' title="bbox 224 1915 398 1942; baseline -0.011 0"><span class='ocrx_word' id='word_1_75' title='bbox 224 1916 251 1942; x_wconf 76' lang='grc' dir='ltr'><strong><em>Π</em></strong></span> <span class='ocrx_word' id='word_1_76' title='bbox 269 1916 327 1941; x_wconf 84' lang='lat' dir='ltr'>liall</span> <span class='ocrx_word' id='word_1_77' title='bbox 349 1915 398 1941; x_wconf 71' lang='lat' dir='ltr'>tlte</span> 
     </span>
     <span class='ocr_line' id='line_1_36' title="bbox 203 1949 424 1985; baseline 0 -11"><span class='ocrx_word' id='word_1_78' title='bbox 203 1951 304 1985; x_wconf 75' lang='lat' dir='ltr'>points</span> <span class='ocrx_word' id='word_1_79' title='bbox 325 1951 353 1976; x_wconf 84' lang='lat' dir='ltr'>in</span> <span class='ocrx_word' id='word_1_80' title='bbox 375 1949 424 1975; x_wconf 81' lang='lat' dir='ltr'>tlie</span> 
     </span>
     <span class='ocr_line' id='line_1_37' title="bbox 213 1985 408 2011; baseline -0.005 -1"><span class='ocrx_word' id='word_1_81' title='bbox 213 1985 307 2011; x_wconf 79' lang='lat' dir='ltr'>world</span> <span class='ocrx_word' id='word_1_82' title='bbox 330 1992 408 2011; x_wconf 86' lang='lat' dir='ltr'>were</span> 
     </span>
     <span class='ocr_line' id='line_1_38' title="bbox 223 2019 397 2053; baseline -0.011 -7"><span class='ocrx_word' id='word_1_83' title='bbox 223 2019 397 2053; x_wconf 71' lang='lat' dir='ltr'>destroyed,</span> 
     </span>
     <span class='ocr_line' id='line_1_39' title="bbox 176 2054 449 2089; baseline -0.007 -8"><span class='ocrx_word' id='word_1_84' title='bbox 176 2055 294 2089; x_wconf 73' lang='lat' dir='ltr'>leaving</span> <span class='ocrx_word' id='word_1_85' title='bbox 308 2054 379 2088; x_wconf 77' lang='lat' dir='ltr'>only</span> <span class='ocrx_word' id='word_1_86' title='bbox 400 2054 449 2079; x_wconf 73' lang='lat' dir='ltr'>tlte</span> 
     </span>
     <span class='ocr_line' id='line_1_40' title="bbox 193 2089 431 2116; baseline -0.013 0"><span class='ocrx_word' id='word_1_87' title='bbox 193 2089 431 2116; x_wconf 77' lang='lat' dir='ltr'>circumserence</span> 
     </span>
     <span class='ocr_line' id='line_1_41' title="bbox 229 2123 402 2156; baseline -0.012 -6"><span class='ocrx_word' id='word_1_88' title='bbox 229 2127 332 2156; x_wconf 72' lang='lat' dir='ltr'>mmet,</span> <span class='ocrx_word' id='word_1_89' title='bbox 355 2123 402 2149; x_wconf 81' lang='lat' dir='ltr'>tlie</span> 
     </span>
     <span class='ocr_line' id='line_1_42' title="bbox 204 2157 425 2185; baseline 0 -2"><span class='ocrx_word' id='word_1_90' title='bbox 204 2159 302 2185; x_wconf 88' lang='lat' dir='ltr'>world</span> <span class='ocrx_word' id='word_1_91' title='bbox 326 2157 425 2183; x_wconf 83' lang='lat' dir='ltr'>would</span> 
     </span>
     <span class='ocr_line' id='line_1_43' title="bbox 186 2193 441 2220; baseline -0.008 -1"><span class='ocrx_word' id='word_1_92' title='bbox 186 2194 220 2220; x_wconf 82' lang='lat' dir='ltr'>be</span> <span class='ocrx_word' id='word_1_93' title='bbox 242 2201 274 2219; x_wconf 85' lang='lat' dir='ltr'>as</span> <span class='ocrx_word' id='word_1_94' title='bbox 296 2193 388 2219; x_wconf 83' lang='lat' dir='ltr'>dense</span> <span class='ocrx_word' id='word_1_95' title='bbox 409 2200 441 2217; x_wconf 74' lang='lat' dir='ltr'>as</span> 
     </span>
     <span class='ocr_line' id='line_1_44' title="bbox 179 2227 449 2261; baseline -0.007 -7"><span class='ocrx_word' id='word_1_96' title='bbox 179 2228 291 2257; x_wconf 73' lang='lat' dir='ltr'>bet&#39;ore,</span> <span class='ocrx_word' id='word_1_97' title='bbox 314 2228 364 2253; x_wconf 85' lang='lat' dir='ltr'>but</span> <span class='ocrx_word' id='word_1_98' title='bbox 379 2227 449 2261; x_wconf 67' lang='lat' dir='ltr'>only</span> 
     </span>
     <span class='ocr_line' id='line_1_45' title="bbox 200 2263 432 2295; baseline -0.009 -6"><span class='ocrx_word' id='word_1_99' title='bbox 200 2263 264 2289; x_wconf 81' lang='lat' dir='ltr'>half</span> <span class='ocrx_word' id='word_1_100' title='bbox 282 2270 314 2288; x_wconf 83' lang='lat' dir='ltr'>as</span> <span class='ocrx_word' id='word_1_101' title='bbox 335 2263 432 2295; x_wconf 69' lang='lat' dir='ltr'>large3</span> 
     </span>
     <span class='ocr_line' id='line_1_46' title="bbox 235 2297 387 2323; baseline -0.007 0"><span class='ocrx_word' id='word_1_102' title='bbox 235 2297 293 2323; x_wconf 83' lang='lat' dir='ltr'>and</span> <span class='ocrx_word' id='word_1_103' title='bbox 315 2297 387 2322; x_wconf 79' lang='lat' dir='ltr'>eacli</span> 
     </span>
     <span class='ocr_line' id='line_1_47' title="bbox 229 2332 389 2364; baseline -0.006 -6"><span class='ocrx_word' id='word_1_104' title='bbox 229 2332 389 2364; x_wconf 80' lang='lat' dir='ltr'>diameter,</span> 
     </span>
     <span class='ocr_line' id='line_1_48' title="bbox 204 2367 424 2400; baseline -0.014 -7"><span class='ocrx_word' id='word_1_105' title='bbox 204 2367 370 2400; x_wconf 73' lang='lat' dir='ltr'>seemingly</span> <span class='ocrx_word' id='word_1_106' title='bbox 392 2373 424 2391; x_wconf 80' lang='lat' dir='ltr'>as</span> 
     </span>
     <span class='ocr_line' id='line_1_49' title="bbox 186 2400 442 2438; baseline -0.012 -10"><span class='ocrx_word' id='word_1_107' title='bbox 186 2402 256 2438; x_wconf 66' lang='lat' dir='ltr'>long</span> <span class='ocrx_word' id='word_1_108' title='bbox 276 2410 308 2427; x_wconf 81' lang='lat' dir='ltr'>as</span> <span class='ocrx_word' id='word_1_109' title='bbox 331 2400 442 2428; x_wconf 77' lang='lat' dir='ltr'>before,</span> 
     </span>
     <span class='ocr_line' id='line_1_50' title="bbox 187 2435 439 2469; baseline 0 -9"><span class='ocrx_word' id='word_1_110' title='bbox 187 2436 289 2462; x_wconf 87' lang='lat' dir='ltr'>would</span> <span class='ocrx_word' id='word_1_111' title='bbox 314 2436 347 2461; x_wconf 79' lang='lat' dir='ltr'>be</span> <span class='ocrx_word' id='word_1_112' title='bbox 368 2435 439 2469; x_wconf 62' lang='lat' dir='ltr'>only</span> 
     </span>
     <span class='ocr_line' id='line_1_51' title="bbox 183 2471 443 2504; baseline -0.008 -7"><span class='ocrx_word' id='word_1_113' title='bbox 183 2471 241 2497; x_wconf 79' lang='lat' dir='ltr'>halt</span> <span class='ocrx_word' id='word_1_114' title='bbox 263 2471 301 2496; x_wconf 73' lang='lat' dir='ltr'>its</span> <span class='ocrx_word' id='word_1_115' title='bbox 322 2474 443 2504; x_wconf 57' lang='lat' dir='ltr'>pres-ent</span> 
     </span>
     <span class='ocr_line' id='line_1_52' title="bbox 254 2505 366 2539; baseline -0.009 -8"><span class='ocrx_word' id='word_1_116' title='bbox 254 2505 366 2539; x_wconf 77' lang='lat' dir='ltr'>length.</span> 
     </span>
    </p>
   </div>
   <div class='ocr_carea' id='block_1_5' title="bbox 914 264 1780 296">
    <p class='ocr_par' dir='ltr' id='par_1_6' title="bbox 914 264 1780 296">
     <span class='ocr_line' id='line_1_53' title="bbox 914 264 1780 296; baseline -0.005 -3"><span class='ocrx_word' id='word_1_117' title='bbox 914 264 1138 295; x_wconf 74' lang='lat' dir='ltr'>lOHANNIS</span> <span class='ocrx_word' id='word_1_118' title='bbox 1166 264 1349 296; x_wconf 71' lang='lat' dir='ltr'>WYCLIF</span> <span class='ocrx_word' id='word_1_119' title='bbox 1633 264 1721 291; x_wconf 81' lang='lat' dir='ltr'>CAP.</span> <span class='ocrx_word' id='word_1_120' title='bbox 1745 264 1780 291; x_wconf 85' lang='lat' dir='ltr'>X.</span> 
     </span>
    </p>
   </div>
   <div class='ocr_carea' id='block_1_6' title="bbox 464 369 1899 2617">
    <p class='ocr_par' dir='ltr' id='par_1_7' title="bbox 470 369 1840 1343">
     <span class='ocr_line' id='line_1_54' title="bbox 475 369 1784 419; baseline 0.003 -15"><span class='ocrx_word' id='word_1_121' title='bbox 475 369 740 416; x_wconf 81' lang='lat' dir='ltr'>corrupcione</span> <span class='ocrx_word' id='word_1_122' title='bbox 774 370 941 405; x_wconf 86' lang='lat' dir='ltr'>istorum</span> <span class='ocrx_word' id='word_1_123' title='bbox 978 369 1268 415; x_wconf 84' lang='lat' dir='ltr'>accidencium,</span> <span class='ocrx_word' id='word_1_124' title='bbox 1295 370 1425 406; x_wconf 67' lang='lat' dir='ltr'>sicud</span> <span class='ocrx_word' id='word_1_125' title='bbox 1474 371 1691 419; x_wconf 80' lang='lat' dir='ltr'>requiritur</span> <span class='ocrx_word' id='word_1_126' title='bbox 1735 374 1784 408; x_wconf 84' lang='lat' dir='ltr'>ad</span> 
     </span>
     <span class='ocr_line' id='line_1_55' title="bbox 474 426 1785 475; baseline 0.003 -13"><span class='ocrx_word' id='word_1_127' title='bbox 474 426 782 474; x_wconf 77' lang='lat' dir='ltr'>generacionem</span> <span class='ocrx_word' id='word_1_128' title='bbox 832 437 868 463; x_wconf 90' lang='lat' dir='ltr'>et</span> <span class='ocrx_word' id='word_1_129' title='bbox 914 426 1222 475; x_wconf 81' lang='lat' dir='ltr'>corrupcionem</span> <span class='ocrx_word' id='word_1_130' title='bbox 1271 441 1341 475; x_wconf 81' lang='lat' dir='ltr'>per</span> <span class='ocrx_word' id='word_1_131' title='bbox 1373 441 1413 464; x_wconf 87' lang='lat' dir='ltr'>se</span> <span class='ocrx_word' id='word_1_132' title='bbox 1447 429 1685 465; x_wconf 87' lang='lat' dir='ltr'>substancie.</span> <span class='ocrx_word' id='word_1_133' title='bbox 1738 431 1785 466; x_wconf 85' lang='lat' dir='ltr'>Et</span> 
     </span>
     <span class='ocr_line' id='line_1_56' title="bbox 475 485 1783 535; baseline 0.003 -15"><span class='ocrx_word' id='word_1_134' title='bbox 475 486 841 532; x_wconf 77' lang='lat' dir='ltr'>correspondentes</span> <span class='ocrx_word' id='word_1_135' title='bbox 885 485 1031 521; x_wconf 86' lang='lat' dir='ltr'>dicitur</span> <span class='ocrx_word' id='word_1_136' title='bbox 1076 487 1182 533; x_wconf 88' lang='lat' dir='ltr'>quod</span> <span class='ocrx_word' id='word_1_137' title='bbox 1229 499 1309 522; x_wconf 88' lang='lat' dir='ltr'>non</span> <span class='ocrx_word' id='word_1_138' title='bbox 1345 495 1401 522; x_wconf 89' lang='lat' dir='ltr'>est</span> <span class='ocrx_word' id='word_1_139' title='bbox 1441 486 1630 534; x_wconf 85' lang='lat' dir='ltr'>possibile</span> <span class='ocrx_word' id='word_1_140' title='bbox 1676 490 1783 535; x_wconf 88' lang='lat' dir='ltr'>quod</span> 
     </span>
     <span class='ocr_line' id='line_1_57' title="bbox 474 542 1784 591; baseline 0.003 -14"><span class='ocrx_word' id='word_1_141' title='bbox 474 542 625 591; x_wconf 82' lang='lat' dir='ltr'>aliquid</span> <span class='ocrx_word' id='word_1_142' title='bbox 660 556 731 590; x_wconf 75' lang='lat' dir='ltr'>pro</span> <span class='ocrx_word' id='word_1_143' title='bbox 766 543 896 590; x_wconf 73' lang='lat' dir='ltr'>primo</span> <span class='ocrx_word' id='word_1_144' title='bbox 934 543 1096 579; x_wconf 85' lang='lat' dir='ltr'>instanti</span> <span class='ocrx_word' id='word_1_145' title='bbox 1126 543 1185 579; x_wconf 89' lang='lat' dir='ltr'>sui</span> <span class='ocrx_word' id='word_1_146' title='bbox 1225 556 1305 580; x_wconf 79' lang='lat' dir='ltr'>esse</span> <span class='ocrx_word' id='word_1_147' title='bbox 1338 554 1474 591; x_wconf 81' lang='lat' dir='ltr'>peccet</span> <span class='ocrx_word' id='word_1_148' title='bbox 1507 554 1597 580; x_wconf 88' lang='lat' dir='ltr'>actu</span> <span class='ocrx_word' id='word_1_149' title='bbox 1632 545 1784 591; x_wconf 84' lang='lat' dir='ltr'>illicito,</span> 
     </span>
     <span class='ocr_line' id='line_1_58' title="bbox 474 601 1816 650; baseline 0.001 -14"><span class='ocrx_word' id='word_1_150' title='bbox 474 613 519 636; x_wconf 93' lang='lat' dir='ltr'>eo</span> <span class='ocrx_word' id='word_1_151' title='bbox 552 602 659 648; x_wconf 88' lang='lat' dir='ltr'>quod</span> <span class='ocrx_word' id='word_1_152' title='bbox 694 602 918 648; x_wconf 85' lang='lat' dir='ltr'>producens</span> <span class='ocrx_word' id='word_1_153' title='bbox 960 610 1093 637; x_wconf 85' lang='lat' dir='ltr'>actum</span> <span class='ocrx_word' id='word_1_154' title='bbox 1139 601 1362 638; x_wconf 83' lang='lat' dir='ltr'>elicientem</span> <span class='ocrx_word' id='word_1_155' title='bbox 1398 602 1508 638; x_wconf 90' lang='lat' dir='ltr'>illum</span> <span class='ocrx_word' id='word_1_156' title='bbox 1546 605 1816 650; x_wconf 61' lang='lat' dir='ltr'>produceretfi</span> 
     </span>
     <span class='ocr_line' id='line_1_59' title="bbox 473 658 1781 706; baseline 0.002 -12"><span class='ocrx_word' id='word_1_157' title='bbox 473 667 509 694; x_wconf 91' lang='lat' dir='ltr'>et</span> <span class='ocrx_word' id='word_1_158' title='bbox 543 668 689 696; x_wconf 85' lang='lat' dir='ltr'>actum.</span> <span class='ocrx_word' id='word_1_159' title='bbox 732 661 821 695; x_wconf 87' lang='lat' dir='ltr'>Non</span> <span class='ocrx_word' id='word_1_160' title='bbox 855 671 948 705; x_wconf 71' lang='lat' dir='ltr'>ergo</span> <span class='ocrx_word' id='word_1_161' title='bbox 982 659 1080 694; x_wconf 85' lang='lat' dir='ltr'>foret</span> <span class='ocrx_word' id='word_1_162' title='bbox 1114 658 1152 694; x_wconf 92' lang='lat' dir='ltr'>in</span> <span class='ocrx_word' id='word_1_163' title='bbox 1190 668 1387 706; x_wconf 76' lang='lat' dir='ltr'>potestate</span> <span class='ocrx_word' id='word_1_164' title='bbox 1421 660 1616 696; x_wconf 87' lang='lat' dir='ltr'>elicientis</span> <span class='ocrx_word' id='word_1_165' title='bbox 1649 670 1781 697; x_wconf 86' lang='lat' dir='ltr'>actum</span> 
     </span>
     <span class='ocr_line' id='line_1_60' title="bbox 473 715 1784 767; baseline 0.003 -16"><span class='ocrx_word' id='word_1_166' title='bbox 473 715 582 752; x_wconf 88' lang='lat' dir='ltr'>illum</span> <span class='ocrx_word' id='word_1_167' title='bbox 618 729 699 752; x_wconf 90' lang='lat' dir='ltr'>non</span> <span class='ocrx_word' id='word_1_168' title='bbox 734 717 889 755; x_wconf 76' lang='lat' dir='ltr'>elicere,</span> <span class='ocrx_word' id='word_1_169' title='bbox 924 717 981 752; x_wconf 88' lang='lat' dir='ltr'>vel</span> <span class='ocrx_word' id='word_1_170' title='bbox 1006 730 1086 752; x_wconf 87' lang='lat' dir='ltr'>non</span> <span class='ocrx_word' id='word_1_171' title='bbox 1110 716 1292 753; x_wconf 78' lang='lat' dir='ltr'>elicuisse</span> <span class='ocrx_word' id='word_1_172' title='bbox 1317 717 1426 753; x_wconf 88' lang='lat' dir='ltr'>illum</span> <span class='ocrx_word' id='word_1_173' title='bbox 1463 728 1594 754; x_wconf 89' lang='lat' dir='ltr'>actum</span> <span class='ocrx_word' id='word_1_174' title='bbox 1644 728 1680 755; x_wconf 88' lang='lat' dir='ltr'>et</span> <span class='ocrx_word' id='word_1_175' title='bbox 1715 732 1784 767; x_wconf 74' lang='lat' dir='ltr'>per</span> 
     </span>
     <span class='ocr_line' id='line_1_61' title="bbox 473 774 1781 823; baseline 0.003 -14"><span class='ocrx_word' id='word_1_176' title='bbox 473 786 721 823; x_wconf 88' lang='lat' dir='ltr'>consequens</span> <span class='ocrx_word' id='word_1_177' title='bbox 768 774 972 811; x_wconf 88' lang='lat' dir='ltr'>racionale</span> <span class='ocrx_word' id='word_1_178' title='bbox 1019 783 1120 810; x_wconf 88' lang='lat' dir='ltr'>esset</span> <span class='ocrx_word' id='word_1_179' title='bbox 1166 777 1273 823; x_wconf 89' lang='lat' dir='ltr'>quod</span> <span class='ocrx_word' id='word_1_180' title='bbox 1319 788 1397 811; x_wconf 84' lang='lat' dir='ltr'>non</span> <span class='ocrx_word' id='word_1_181' title='bbox 1442 776 1689 823; x_wconf 79' lang='lat' dir='ltr'>obligaretur</span> <span class='ocrx_word' id='word_1_182' title='bbox 1733 780 1781 813; x_wconf 84' lang='lat' dir='ltr'>ad</span> 
     </span>
     <span class='ocr_line' id='line_1_62' title="bbox 472 832 1780 881; baseline 0.003 -15"><span class='ocrx_word' id='word_1_183' title='bbox 472 833 603 868; x_wconf 82' lang='lat' dir='ltr'>denuo</span> <span class='ocrx_word' id='word_1_184' title='bbox 652 832 891 868; x_wconf 87' lang='lat' dir='ltr'>eliciendum</span> <span class='ocrx_word' id='word_1_185' title='bbox 939 832 1070 876; x_wconf 84' lang='lat' dir='ltr'>illum;</span> <span class='ocrx_word' id='word_1_186' title='bbox 1117 845 1162 868; x_wconf 88' lang='lat' dir='ltr'>eo</span> <span class='ocrx_word' id='word_1_187' title='bbox 1208 834 1313 881; x_wconf 85' lang='lat' dir='ltr'>quod</span> <span class='ocrx_word' id='word_1_188' title='bbox 1361 834 1566 870; x_wconf 82' lang='lat' dir='ltr'>decretum</span> <span class='ocrx_word' id='word_1_189' title='bbox 1616 844 1715 870; x_wconf 85' lang='lat' dir='ltr'>esset</span> <span class='ocrx_word' id='word_1_190' title='bbox 1761 848 1780 870; x_wconf 88' lang='lat' dir='ltr'>a</span> 
     </span>
     <span class='ocr_line' id='line_1_63' title="bbox 471 889 1840 940; baseline 0.001 -15"><span class='ocrx_word' id='word_1_191' title='bbox 471 889 622 926; x_wconf 85' lang='lat' dir='ltr'>lumine</span> <span class='ocrx_word' id='word_1_192' title='bbox 666 889 869 937; x_wconf 77' lang='lat' dir='ltr'>obligante</span> <span class='ocrx_word' id='word_1_193' title='bbox 902 890 1012 926; x_wconf 87' lang='lat' dir='ltr'>illum</span> <span class='ocrx_word' id='word_1_194' title='bbox 1049 900 1180 927; x_wconf 89' lang='lat' dir='ltr'>actum</span> <span class='ocrx_word' id='word_1_195' title='bbox 1227 903 1311 927; x_wconf 87' lang='lat' dir='ltr'>esse</span> <span class='ocrx_word' id='word_1_196' title='bbox 1351 892 1411 927; x_wconf 78' lang='lat' dir='ltr'>vel</span> <span class='ocrx_word' id='word_1_197' title='bbox 1455 891 1586 937; x_wconf 77' lang='lat' dir='ltr'>fuisse,</span> <span class='ocrx_word' id='word_1_198' title='bbox 1633 901 1669 928; x_wconf 89' lang='lat' dir='ltr'>et</span> <span class='ocrx_word' id='word_1_199' title='bbox 1715 905 1840 940; x_wconf 70' lang='lat' dir='ltr'>pei-10</span> 
     </span>
     <span class='ocr_line' id='line_1_64' title="bbox 472 948 1783 997; baseline 0.002 -14"><span class='ocrx_word' id='word_1_200' title='bbox 472 960 723 995; x_wconf 84' lang='lat' dir='ltr'>consequens</span> <span class='ocrx_word' id='word_1_201' title='bbox 757 961 837 983; x_wconf 91' lang='lat' dir='ltr'>non</span> <span class='ocrx_word' id='word_1_202' title='bbox 872 957 972 984; x_wconf 89' lang='lat' dir='ltr'>esset</span> <span class='ocrx_word' id='word_1_203' title='bbox 1007 948 1044 984; x_wconf 92' lang='lat' dir='ltr'>in</span> <span class='ocrx_word' id='word_1_204' title='bbox 1080 957 1278 996; x_wconf 83' lang='lat' dir='ltr'>potestate</span> <span class='ocrx_word' id='word_1_205' title='bbox 1312 949 1517 997; x_wconf 73' lang='lat' dir='ltr'>obligante</span> <span class='ocrx_word' id='word_1_206' title='bbox 1563 950 1783 986; x_wconf 80' lang='lat' dir='ltr'>declinasse</span> 
     </span>
     <span class='ocr_line' id='line_1_65' title="bbox 472 1006 1781 1054; baseline 0.002 -13"><span class='ocrx_word' id='word_1_207' title='bbox 472 1006 712 1041; x_wconf 86' lang='lat' dir='ltr'>eleccionem</span> <span class='ocrx_word' id='word_1_208' title='bbox 748 1006 837 1042; x_wconf 88' lang='lat' dir='ltr'>talis</span> <span class='ocrx_word' id='word_1_209' title='bbox 882 1015 1014 1049; x_wconf 82' lang='lat' dir='ltr'>actus;</span> <span class='ocrx_word' id='word_1_210' title='bbox 1061 1006 1153 1054; x_wconf 86' lang='lat' dir='ltr'>quia</span> <span class='ocrx_word' id='word_1_211' title='bbox 1199 1007 1275 1043; x_wconf 89' lang='lat' dir='ltr'>iam</span> <span class='ocrx_word' id='word_1_212' title='bbox 1319 1016 1410 1043; x_wconf 89' lang='lat' dir='ltr'>ante</span> <span class='ocrx_word' id='word_1_213' title='bbox 1443 1020 1523 1043; x_wconf 75' lang='lat' dir='ltr'>esse</span> <span class='ocrx_word' id='word_1_214' title='bbox 1569 1021 1700 1050; x_wconf 74' lang='lat' dir='ltr'>suum,</span> <span class='ocrx_word' id='word_1_215' title='bbox 1746 1018 1781 1044; x_wconf 87' lang='lat' dir='ltr'>et</span> 
     </span>
     <span class='ocr_line' id='line_1_66' title="bbox 473 1063 1782 1113; baseline 0.002 -14"><span class='ocrx_word' id='word_1_216' title='bbox 473 1073 575 1111; x_wconf 73' lang='lat' dir='ltr'>post.</span> <span class='ocrx_word' id='word_1_217' title='bbox 611 1063 821 1111; x_wconf 75' lang='lat' dir='ltr'>Obligacio</span> <span class='ocrx_word' id='word_1_218' title='bbox 868 1076 960 1111; x_wconf 68' lang='lat' dir='ltr'>ergo</span> <span class='ocrx_word' id='word_1_219' title='bbox 1006 1065 1184 1112; x_wconf 81' lang='lat' dir='ltr'>precedit</span> <span class='ocrx_word' id='word_1_220' title='bbox 1228 1074 1409 1113; x_wconf 88' lang='lat' dir='ltr'>tempore</span> <span class='ocrx_word' id='word_1_221' title='bbox 1442 1074 1574 1101; x_wconf 89' lang='lat' dir='ltr'>actum</span> <span class='ocrx_word' id='word_1_222' title='bbox 1619 1075 1655 1102; x_wconf 89' lang='lat' dir='ltr'>et</span> <span class='ocrx_word' id='word_1_223' title='bbox 1689 1078 1782 1102; x_wconf 85' lang='lat' dir='ltr'>con-</span> 
     </span>
     <span class='ocr_line' id='line_1_67' title="bbox 472 1121 1781 1170; baseline 0.003 -14"><span class='ocrx_word' id='word_1_224' title='bbox 472 1121 638 1157; x_wconf 85' lang='lat' dir='ltr'>trarium</span> <span class='ocrx_word' id='word_1_225' title='bbox 673 1121 928 1169; x_wconf 79' lang='lat' dir='ltr'>obligacioni.</span> <span class='ocrx_word' id='word_1_226' title='bbox 964 1123 1089 1158; x_wconf 86' lang='lat' dir='ltr'>Multa</span> <span class='ocrx_word' id='word_1_227' title='bbox 1123 1135 1216 1170; x_wconf 76' lang='lat' dir='ltr'>ergo</span> <span class='ocrx_word' id='word_1_228' title='bbox 1241 1132 1331 1158; x_wconf 84' lang='lat' dir='ltr'>sunt</span> <span class='ocrx_word' id='word_1_229' title='bbox 1366 1123 1560 1160; x_wconf 84' lang='lat' dir='ltr'>instancia</span> <span class='ocrx_word' id='word_1_230' title='bbox 1594 1123 1781 1160; x_wconf 78' lang='lat' dir='ltr'>ordinata</span> 
     </span>
     <span class='ocr_line' id='line_1_68' title="bbox 472 1179 1836 1232; baseline 0.001 -18"><span class='ocrx_word' id='word_1_231' title='bbox 472 1179 656 1226; x_wconf 74' lang='lat' dir='ltr'>regimini</span> <span class='ocrx_word' id='word_1_232' title='bbox 694 1179 879 1225; x_wconf 84' lang='lat' dir='ltr'>universi,</span> <span class='ocrx_word' id='word_1_233' title='bbox 915 1189 950 1216; x_wconf 89' lang='lat' dir='ltr'>et</span> <span class='ocrx_word' id='word_1_234' title='bbox 990 1193 1059 1227; x_wconf 77' lang='lat' dir='ltr'>per</span> <span class='ocrx_word' id='word_1_235' title='bbox 1093 1193 1340 1229; x_wconf 87' lang='lat' dir='ltr'>consequens</span> <span class='ocrx_word' id='word_1_236' title='bbox 1364 1180 1628 1228; x_wconf 76' lang='lat' dir='ltr'>impossibilia</span> <span class='ocrx_word' id='word_1_237' title='bbox 1653 1180 1779 1232; x_wconf 88' lang='lat' dir='ltr'>[sunt]</span> <span class='ocrx_word' id='word_1_238' title='bbox 1803 1185 1836 1216; x_wconf 72' lang='lat'>15</span> 
     </span>
     <span class='ocr_line' id='line_1_69' title="bbox 471 1237 1778 1287; baseline 0.002 -15"><span class='ocrx_word' id='word_1_239' title='bbox 471 1249 546 1285; x_wconf 91' lang='lat' dir='ltr'>que</span> <span class='ocrx_word' id='word_1_240' title='bbox 581 1237 849 1273; x_wconf 85' lang='lat' dir='ltr'>communiter</span> <span class='ocrx_word' id='word_1_241' title='bbox 894 1237 1165 1274; x_wconf 86' lang='lat' dir='ltr'>admittuntur</span> <span class='ocrx_word' id='word_1_242' title='bbox 1204 1239 1263 1275; x_wconf 83' lang='lat' dir='ltr'>vel</span> <span class='ocrx_word' id='word_1_243' title='bbox 1308 1248 1470 1287; x_wconf 73' lang='lat' dir='ltr'>propter</span> <span class='ocrx_word' id='word_1_244' title='bbox 1504 1239 1778 1286; x_wconf 78' lang='lat' dir='ltr'>ignoranciam</span> 
     </span>
     <span class='ocr_line' id='line_1_70' title="bbox 470 1295 968 1343; baseline 0.002 -13"><span class='ocrx_word' id='word_1_245' title='bbox 470 1296 528 1330; x_wconf 72' lang='lat' dir='ltr'>vel</span> <span class='ocrx_word' id='word_1_246' title='bbox 562 1295 696 1342; x_wconf 71' lang='lat' dir='ltr'>gracia</span> <span class='ocrx_word' id='word_1_247' title='bbox 730 1295 968 1343; x_wconf 79' lang='lat' dir='ltr'>argumenti.</span> 
     </span>
    </p>

    <p class='ocr_par' dir='ltr' id='par_1_8' title="bbox 464 1353 1899 2617">
     <span class='ocr_line' id='line_1_71' title="bbox 526 1353 1777 1402; baseline 0.002 -13"><span class='ocrx_word' id='word_1_248' title='bbox 526 1354 585 1388; x_wconf 86' lang='lat' dir='ltr'>Ad</span> <span class='ocrx_word' id='word_1_249' title='bbox 619 1357 676 1402; x_wconf 70' lang='lat'>4¹¹³</span> <span class='ocrx_word' id='word_1_250' title='bbox 714 1353 861 1390; x_wconf 87' lang='lat' dir='ltr'>dicitur</span> <span class='ocrx_word' id='word_1_251' title='bbox 893 1355 1001 1401; x_wconf 89' lang='lat' dir='ltr'>quod</span> <span class='ocrx_word' id='word_1_252' title='bbox 1047 1366 1126 1389; x_wconf 89' lang='lat' dir='ltr'>non</span> <span class='ocrx_word' id='word_1_253' title='bbox 1172 1362 1228 1389; x_wconf 91' lang='lat' dir='ltr'>est</span> <span class='ocrx_word' id='word_1_254' title='bbox 1275 1353 1394 1390; x_wconf 87' lang='lat' dir='ltr'>michi</span> <span class='ocrx_word' id='word_1_255' title='bbox 1442 1355 1557 1391; x_wconf 88' lang='lat' dir='ltr'>facile</span> <span class='ocrx_word' id='word_1_256' title='bbox 1601 1355 1777 1391; x_wconf 88' lang='lat' dir='ltr'>invenire</span> 
     </span>
     <span class='ocr_line' id='line_1_72' title="bbox 472 1411 1777 1460; baseline 0.002 -14"><span class='ocrx_word' id='word_1_257' title='bbox 472 1411 647 1447; x_wconf 87' lang='lat' dir='ltr'>medium</span> <span class='ocrx_word' id='word_1_258' title='bbox 684 1413 732 1447; x_wconf 87' lang='lat' dir='ltr'>ad</span> <span class='ocrx_word' id='word_1_259' title='bbox 769 1413 1021 1460; x_wconf 79' lang='lat' dir='ltr'>probandum</span> <span class='ocrx_word' id='word_1_260' title='bbox 1070 1412 1176 1459; x_wconf 89' lang='lat' dir='ltr'>quod</span> <span class='ocrx_word' id='word_1_261' title='bbox 1213 1414 1382 1448; x_wconf 84' lang='lat' dir='ltr'>mundus</span> <span class='ocrx_word' id='word_1_262' title='bbox 1416 1421 1548 1460; x_wconf 85' lang='lat' dir='ltr'>potest</span> <span class='ocrx_word' id='word_1_263' title='bbox 1582 1426 1659 1449; x_wconf 88' lang='lat' dir='ltr'>una</span> <span class='ocrx_word' id='word_1_264' title='bbox 1694 1413 1777 1449; x_wconf 79' lang='lat' dir='ltr'>vice</span> 
     </span>
     <span class='ocr_line' id='line_1_73' title="bbox 471 1469 1836 1518; baseline 0 -14"><span class='ocrx_word' id='word_1_265' title='bbox 471 1469 617 1505; x_wconf 82' lang='lat' dir='ltr'>moveri</span> <span class='ocrx_word' id='word_1_266' title='bbox 664 1469 817 1505; x_wconf 85' lang='lat' dir='ltr'>tardius</span> <span class='ocrx_word' id='word_1_267' title='bbox 861 1479 897 1505; x_wconf 89' lang='lat' dir='ltr'>et</span> <span class='ocrx_word' id='word_1_268' title='bbox 943 1469 1019 1505; x_wconf 89' lang='lat' dir='ltr'>alia</span> <span class='ocrx_word' id='word_1_269' title='bbox 1053 1469 1136 1506; x_wconf 84' lang='lat' dir='ltr'>vice</span> <span class='ocrx_word' id='word_1_270' title='bbox 1176 1470 1362 1507; x_wconf 82' lang='lat' dir='ltr'>velocius.</span> <span class='ocrx_word' id='word_1_271' title='bbox 1410 1471 1501 1506; x_wconf 88' lang='lat' dir='ltr'>Ideo</span> <span class='ocrx_word' id='word_1_272' title='bbox 1535 1480 1665 1518; x_wconf 77' lang='lat' dir='ltr'>potest</span> <span class='ocrx_word' id='word_1_273' title='bbox 1699 1471 1836 1507; x_wconf 67' lang='lat' dir='ltr'>dicim</span> 
     </span>
     <span class='ocr_line' id='line_1_74' title="bbox 469 1527 1777 1575; baseline 0.002 -13"><span class='ocrx_word' id='word_1_274' title='bbox 469 1528 574 1574; x_wconf 87' lang='lat' dir='ltr'>quod</span> <span class='ocrx_word' id='word_1_275' title='bbox 609 1527 834 1563; x_wconf 86' lang='lat' dir='ltr'>necessario</span> <span class='ocrx_word' id='word_1_276' title='bbox 859 1527 1074 1575; x_wconf 81' lang='lat' dir='ltr'>requiritur</span> <span class='ocrx_word' id='word_1_277' title='bbox 1096 1528 1144 1563; x_wconf 84' lang='lat' dir='ltr'>ad</span> <span class='ocrx_word' id='word_1_278' title='bbox 1169 1527 1426 1563; x_wconf 86' lang='lat' dir='ltr'>duracionem</span> <span class='ocrx_word' id='word_1_279' title='bbox 1464 1528 1600 1564; x_wconf 86' lang='lat' dir='ltr'>mundi</span> <span class='ocrx_word' id='word_1_280' title='bbox 1624 1541 1777 1565; x_wconf 88' lang='lat' dir='ltr'>succes-</span> 
     </span>
     <span class='ocr_line' id='line_1_75' title="bbox 469 1584 1776 1634; baseline 0.003 -15"><span class='ocrx_word' id='word_1_281' title='bbox 469 1584 591 1620; x_wconf 68' lang='lat' dir='ltr'>sivam</span> <span class='ocrx_word' id='word_1_282' title='bbox 640 1598 740 1632; x_wconf 83' lang='lat' dir='ltr'>eque</span> <span class='ocrx_word' id='word_1_283' title='bbox 784 1586 893 1621; x_wconf 74' lang='lat' dir='ltr'>velox</span> <span class='ocrx_word' id='word_1_284' title='bbox 942 1594 1085 1629; x_wconf 85' lang='lat' dir='ltr'>motus,</span> <span class='ocrx_word' id='word_1_285' title='bbox 1140 1587 1346 1633; x_wconf 84' lang='lat' dir='ltr'>quomodo</span> <span class='ocrx_word' id='word_1_286' title='bbox 1393 1599 1473 1622; x_wconf 89' lang='lat' dir='ltr'>non</span> <span class='ocrx_word' id='word_1_287' title='bbox 1519 1595 1649 1634; x_wconf 77' lang='lat' dir='ltr'>potest</span> <span class='ocrx_word' id='word_1_288' title='bbox 1694 1600 1776 1623; x_wconf 88' lang='lat' dir='ltr'>esse</span> 
     </span>
     <span class='ocr_line' id='line_1_76' title="bbox 470 1642 1777 1693; baseline 0.002 -15"><span class='ocrx_word' id='word_1_289' title='bbox 470 1652 601 1678; x_wconf 91' lang='lat' dir='ltr'>motus</span> <span class='ocrx_word' id='word_1_290' title='bbox 624 1643 812 1693; x_wconf 65' lang='lat' dir='ltr'>velocior,</span> <span class='ocrx_word' id='word_1_291' title='bbox 847 1653 887 1679; x_wconf 90' lang='lat' dir='ltr'>ut</span> <span class='ocrx_word' id='word_1_292' title='bbox 911 1643 1020 1691; x_wconf 83' lang='lat' dir='ltr'>prius</span> <span class='ocrx_word' id='word_1_293' title='bbox 1045 1642 1194 1679; x_wconf 89' lang='lat' dir='ltr'>dictum</span> <span class='ocrx_word' id='word_1_294' title='bbox 1233 1653 1289 1680; x_wconf 89' lang='lat' dir='ltr'>est</span> <span class='ocrx_word' id='word_1_295' title='bbox 1339 1645 1452 1680; x_wconf 86' lang='lat' dir='ltr'>Unde</span> <span class='ocrx_word' id='word_1_296' title='bbox 1475 1644 1608 1691; x_wconf 73' lang='lat' dir='ltr'>negari</span> <span class='ocrx_word' id='word_1_297' title='bbox 1646 1654 1777 1692; x_wconf 88' lang='lat' dir='ltr'>potest</span> 
     </span>
     <span class='ocr_line' id='line_1_77' title="bbox 467 1700 1774 1750; baseline 0.003 -15"><span class='ocrx_word' id='word_1_298' title='bbox 467 1710 717 1748; x_wconf 74' lang='lat' dir='ltr'>assumptum</span> <span class='ocrx_word' id='word_1_299' title='bbox 754 1700 791 1736; x_wconf 87' lang='lat' dir='ltr'>in</span> <span class='ocrx_word' id='word_1_300' title='bbox 826 1710 1078 1747; x_wconf 70' lang='lat' dir='ltr'>argumento,</span> <span class='ocrx_word' id='word_1_301' title='bbox 1115 1714 1161 1737; x_wconf 88' lang='lat' dir='ltr'>eo</span> <span class='ocrx_word' id='word_1_302' title='bbox 1184 1703 1289 1749; x_wconf 86' lang='lat' dir='ltr'>quod</span> <span class='ocrx_word' id='word_1_303' title='bbox 1315 1711 1473 1750; x_wconf 86' lang='lat' dir='ltr'>oportet</span> <span class='ocrx_word' id='word_1_304' title='bbox 1498 1704 1691 1738; x_wconf 85' lang='lat' dir='ltr'>mundum</span> <span class='ocrx_word' id='word_1_305' title='bbox 1718 1707 1774 1740; x_wconf 69' lang='lat' dir='ltr'>2¹n</span> 
     </span>
     <span class='ocr_line' id='line_1_78' title="bbox 467 1758 1832 1807; baseline 0.001 -14"><span class='ocrx_word' id='word_1_306' title='bbox 467 1758 641 1806; x_wconf 81' lang='lat' dir='ltr'>aliquam</span> <span class='ocrx_word' id='word_1_307' title='bbox 678 1759 760 1794; x_wconf 84' lang='lat' dir='ltr'>eius</span> <span class='ocrx_word' id='word_1_308' title='bbox 794 1768 947 1806; x_wconf 77' lang='lat' dir='ltr'>partem</span> <span class='ocrx_word' id='word_1_309' title='bbox 990 1772 1074 1795; x_wconf 88' lang='lat' dir='ltr'>esse</span> <span class='ocrx_word' id='word_1_310' title='bbox 1108 1772 1207 1807; x_wconf 84' lang='lat' dir='ltr'>eque</span> <span class='ocrx_word' id='word_1_311' title='bbox 1239 1759 1429 1796; x_wconf 85' lang='lat' dir='ltr'>velociter</span> <span class='ocrx_word' id='word_1_312' title='bbox 1474 1769 1625 1796; x_wconf 87' lang='lat' dir='ltr'>motum</span> <span class='ocrx_word' id='word_1_313' title='bbox 1663 1760 1774 1797; x_wconf 87' lang='lat' dir='ltr'>sicud</span> <span class='ocrx_word' id='word_1_314' title='bbox 1793 1764 1832 1795; x_wconf 77' lang='lat'>25</span> 
     </span>
     <span class='ocr_line' id='line_1_79' title="bbox 467 1816 1774 1865; baseline 0.003 -14"><span class='ocrx_word' id='word_1_315' title='bbox 467 1816 629 1864; x_wconf 88' lang='lat' dir='ltr'>aliquod</span> <span class='ocrx_word' id='word_1_316' title='bbox 664 1826 793 1864; x_wconf 75' lang='lat' dir='ltr'>potest</span> <span class='ocrx_word' id='word_1_317' title='bbox 820 1816 981 1862; x_wconf 82' lang='lat' dir='ltr'>moveri,</span> <span class='ocrx_word' id='word_1_318' title='bbox 1017 1826 1052 1853; x_wconf 90' lang='lat' dir='ltr'>et</span> <span class='ocrx_word' id='word_1_319' title='bbox 1085 1817 1197 1853; x_wconf 83' lang='lat' dir='ltr'>sicud</span> <span class='ocrx_word' id='word_1_320' title='bbox 1224 1826 1334 1853; x_wconf 89' lang='lat' dir='ltr'>moto</span> <span class='ocrx_word' id='word_1_321' title='bbox 1367 1831 1387 1854; x_wconf 92' lang='lat' dir='ltr'>a</span> <span class='ocrx_word' id='word_1_322' title='bbox 1413 1818 1619 1865; x_wconf 69' lang='lat' dir='ltr'>liorelogio</span> <span class='ocrx_word' id='word_1_323' title='bbox 1654 1821 1774 1855; x_wconf 89' lang='lat' dir='ltr'>modo</span> 
     </span>
     <span class='ocr_line' id='line_1_80' title="bbox 467 1874 1774 1923; baseline 0.002 -14"><span class='ocrx_word' id='word_1_324' title='bbox 467 1887 546 1921; x_wconf 87' lang='lat' dir='ltr'>quo</span> <span class='ocrx_word' id='word_1_325' title='bbox 580 1874 756 1922; x_wconf 72' lang='lat' dir='ltr'>ponitur,</span> <span class='ocrx_word' id='word_1_326' title='bbox 803 1887 973 1923; x_wconf 88' lang='lat' dir='ltr'>sequens</span> <span class='ocrx_word' id='word_1_327' title='bbox 1007 1884 1065 1911; x_wconf 91' lang='lat' dir='ltr'>est</span> <span class='ocrx_word' id='word_1_328' title='bbox 1098 1876 1205 1923; x_wconf 90' lang='lat' dir='ltr'>quod</span> <span class='ocrx_word' id='word_1_329' title='bbox 1245 1877 1415 1911; x_wconf 87' lang='lat' dir='ltr'>mundus</span> <span class='ocrx_word' id='word_1_330' title='bbox 1463 1885 1669 1912; x_wconf 82' lang='lat' dir='ltr'>moveatur</span> <span class='ocrx_word' id='word_1_331' title='bbox 1714 1878 1774 1913; x_wconf 79' lang='lat' dir='ltr'>vel</span> 
     </span>
     <span class='ocr_line' id='line_1_81' title="bbox 467 1932 1773 1970; baseline 0.002 -3"><span class='ocrx_word' id='word_1_332' title='bbox 467 1941 574 1968; x_wconf 87' lang='lat' dir='ltr'>motu</span> <span class='ocrx_word' id='word_1_333' title='bbox 625 1932 742 1968; x_wconf 86' lang='lat' dir='ltr'>locali</span> <span class='ocrx_word' id='word_1_334' title='bbox 785 1933 846 1969; x_wconf 89' lang='lat' dir='ltr'>vel</span> <span class='ocrx_word' id='word_1_335' title='bbox 892 1942 1002 1968; x_wconf 86' lang='lat' dir='ltr'>motu</span> <span class='ocrx_word' id='word_1_336' title='bbox 1043 1933 1299 1969; x_wconf 86' lang='lat' dir='ltr'>alteracionis</span> <span class='ocrx_word' id='word_1_337' title='bbox 1345 1934 1397 1969; x_wconf 91' lang='lat' dir='ltr'>ita</span> <span class='ocrx_word' id='word_1_338' title='bbox 1430 1934 1618 1970; x_wconf 85' lang='lat' dir='ltr'>velociter</span> <span class='ocrx_word' id='word_1_339' title='bbox 1662 1933 1773 1970; x_wconf 89' lang='lat' dir='ltr'>sicud</span> 
     </span>
     <span class='ocr_line' id='line_1_82' title="bbox 467 1990 1774 2040; baseline 0.005 -18"><span class='ocrx_word' id='word_1_340' title='bbox 467 1999 606 2037; x_wconf 75' lang='lat' dir='ltr'>potest.</span> <span class='ocrx_word' id='word_1_341' title='bbox 659 1991 776 2035; x_wconf 86' lang='lat' dir='ltr'>Quod</span> <span class='ocrx_word' id='word_1_342' title='bbox 821 1990 850 2026; x_wconf 92' lang='lat' dir='ltr'>si</span> <span class='ocrx_word' id='word_1_343' title='bbox 898 2001 1030 2026; x_wconf 88' lang='lat' dir='ltr'>motus</span> <span class='ocrx_word' id='word_1_344' title='bbox 1074 1991 1329 2027; x_wconf 86' lang='lat' dir='ltr'>alteracionis</span> <span class='ocrx_word' id='word_1_345' title='bbox 1374 2004 1453 2027; x_wconf 88' lang='lat' dir='ltr'>non</span> <span class='ocrx_word' id='word_1_346' title='bbox 1507 2001 1637 2040; x_wconf 78' lang='lat' dir='ltr'>potest</span> <span class='ocrx_word' id='word_1_347' title='bbox 1690 2005 1774 2028; x_wconf 88' lang='lat' dir='ltr'>esse</span> 
     </span>
     <span class='ocr_line' id='line_1_83' title="bbox 465 2047 1832 2092; baseline 0.001 -9"><span class='ocrx_word' id='word_1_348' title='bbox 465 2047 633 2083; x_wconf 86' lang='lat' dir='ltr'>univoce</span> <span class='ocrx_word' id='word_1_349' title='bbox 678 2049 787 2084; x_wconf 74' lang='lat' dir='ltr'>velox</span> <span class='ocrx_word' id='word_1_350' title='bbox 833 2061 921 2084; x_wconf 88' lang='lat' dir='ltr'>cum</span> <span class='ocrx_word' id='word_1_351' title='bbox 972 2058 1080 2084; x_wconf 89' lang='lat' dir='ltr'>motu</span> <span class='ocrx_word' id='word_1_352' title='bbox 1126 2049 1242 2085; x_wconf 89' lang='lat' dir='ltr'>locali</span> <span class='ocrx_word' id='word_1_353' title='bbox 1291 2055 1342 2092; x_wconf 86' lang='lat' dir='ltr'>(et</span> <span class='ocrx_word' id='word_1_354' title='bbox 1388 2050 1442 2086; x_wconf 85' lang='lat' dir='ltr'>sic</span> <span class='ocrx_word' id='word_1_355' title='bbox 1489 2052 1659 2086; x_wconf 81' lang='lat' dir='ltr'>mundus</span> <span class='ocrx_word' id='word_1_356' title='bbox 1693 2063 1770 2086; x_wconf 91' lang='lat' dir='ltr'>non</span> <span class='ocrx_word' id='word_1_357' title='bbox 1791 2065 1832 2086; x_wconf 58' lang='grc' dir='ltr'>,πο</span> 
     </span>
     <span class='ocr_line' id='line_1_84' title="bbox 465 2105 1772 2157; baseline 0.003 -17"><span class='ocrx_word' id='word_1_358' title='bbox 465 2118 565 2153; x_wconf 88' lang='lat' dir='ltr'>eque</span> <span class='ocrx_word' id='word_1_359' title='bbox 597 2105 786 2142; x_wconf 85' lang='lat' dir='ltr'>velociter</span> <span class='ocrx_word' id='word_1_360' title='bbox 819 2105 977 2143; x_wconf 89' lang='lat' dir='ltr'>alterari</span> <span class='ocrx_word' id='word_1_361' title='bbox 1012 2115 1141 2154; x_wconf 76' lang='lat' dir='ltr'>potest</span> <span class='ocrx_word' id='word_1_362' title='bbox 1174 2106 1274 2143; x_wconf 89' lang='lat' dir='ltr'>sicut</span> <span class='ocrx_word' id='word_1_363' title='bbox 1299 2109 1532 2143; x_wconf 84' lang='lat' dir='ltr'>movebatur</span> <span class='ocrx_word' id='word_1_364' title='bbox 1565 2108 1772 2157; x_wconf 75' lang='lat' dir='ltr'>localiter),</span> 
     </span>
     <span class='ocr_line' id='line_1_85' title="bbox 465 2164 1770 2213; baseline 0.003 -15"><span class='ocrx_word' id='word_1_365' title='bbox 465 2172 560 2199; x_wconf 90' lang='lat' dir='ltr'>tunc</span> <span class='ocrx_word' id='word_1_366' title='bbox 593 2172 751 2211; x_wconf 78' lang='lat' dir='ltr'>oportet</span> <span class='ocrx_word' id='word_1_367' title='bbox 776 2165 882 2211; x_wconf 86' lang='lat' dir='ltr'>quod</span> <span class='ocrx_word' id='word_1_368' title='bbox 917 2177 1017 2212; x_wconf 88' lang='lat' dir='ltr'>eque</span> <span class='ocrx_word' id='word_1_369' title='bbox 1040 2164 1228 2201; x_wconf 77' lang='lat' dir='ltr'>velociter</span> <span class='ocrx_word' id='word_1_370' title='bbox 1253 2174 1460 2201; x_wconf 68' lang='lat' dir='ltr'>moveatur</span> <span class='ocrx_word' id='word_1_371' title='bbox 1492 2165 1602 2201; x_wconf 88' lang='lat' dir='ltr'>sicud</span> <span class='ocrx_word' id='word_1_372' title='bbox 1628 2174 1770 2213; x_wconf 86' lang='lat' dir='ltr'>potest.</span> 
     </span>
     <span class='ocr_line' id='line_1_86' title="bbox 467 2221 1772 2273; baseline 0.003 -17"><span class='ocrx_word' id='word_1_373' title='bbox 467 2222 593 2266; x_wconf 80' lang='lat' dir='ltr'>Unde,</span> <span class='ocrx_word' id='word_1_374' title='bbox 656 2221 758 2257; x_wconf 86' lang='lat' dir='ltr'>sicut</span> <span class='ocrx_word' id='word_1_375' title='bbox 811 2222 919 2269; x_wconf 77' lang='lat' dir='ltr'>prius</span> <span class='ocrx_word' id='word_1_376' title='bbox 972 2231 1121 2259; x_wconf 89' lang='lat' dir='ltr'>tactum</span> <span class='ocrx_word' id='word_1_377' title='bbox 1178 2231 1249 2273; x_wconf 75' lang='lat' dir='ltr'>est,</span> <span class='ocrx_word' id='word_1_378' title='bbox 1313 2232 1501 2271; x_wconf 86' lang='lat' dir='ltr'>corrupta</span> <span class='ocrx_word' id='word_1_379' title='bbox 1558 2223 1772 2260; x_wconf 85' lang='lat' dir='ltr'>medietate</span> 
     </span>
     <span class='ocr_line' id='line_1_87' title="bbox 468 2278 1771 2328; baseline 0.003 -15"><span class='ocrx_word' id='word_1_380' title='bbox 468 2278 724 2314; x_wconf 86' lang='lat' dir='ltr'>materiarum</span> <span class='ocrx_word' id='word_1_381' title='bbox 767 2280 1015 2327; x_wconf 76' lang='lat' dir='ltr'>punctalium</span> <span class='ocrx_word' id='word_1_382' title='bbox 1053 2279 1203 2324; x_wconf 87' lang='lat' dir='ltr'>mundi,</span> <span class='ocrx_word' id='word_1_383' title='bbox 1249 2280 1383 2328; x_wconf 85' lang='lat' dir='ltr'>quieta</span> <span class='ocrx_word' id='word_1_384' title='bbox 1418 2281 1584 2317; x_wconf 87' lang='lat' dir='ltr'>materia</span> <span class='ocrx_word' id='word_1_385' title='bbox 1632 2281 1771 2317; x_wconf 86' lang='lat' dir='ltr'>lineari</span> 
     </span>
     <span class='ocr_line' id='line_1_88' title="bbox 466 2335 1826 2387; baseline 0.003 -16"><span class='ocrx_word' id='word_1_386' title='bbox 466 2335 503 2371; x_wconf 88' lang='lat' dir='ltr'>in</span> <span class='ocrx_word' id='word_1_387' title='bbox 557 2336 884 2373; x_wconf 86' lang='lat' dir='ltr'>circumferencia</span> <span class='ocrx_word' id='word_1_388' title='bbox 920 2339 1073 2383; x_wconf 83' lang='lat' dir='ltr'>mundi,</span> <span class='ocrx_word' id='word_1_389' title='bbox 1117 2339 1248 2374; x_wconf 87' lang='lat' dir='ltr'>adhuc</span> <span class='ocrx_word' id='word_1_390' title='bbox 1297 2339 1394 2374; x_wconf 84' lang='lat' dir='ltr'>foret</span> <span class='ocrx_word' id='word_1_391' title='bbox 1449 2341 1620 2374; x_wconf 88' lang='lat' dir='ltr'>mundus</span> <span class='ocrx_word' id='word_1_392' title='bbox 1671 2342 1826 2387; x_wconf 73' lang='lat' dir='ltr'>eque3&#39;5</span> 
     </span>
     <span class='ocr_line' id='line_1_89' title="bbox 465 2395 1899 2447; baseline 0.001 -18"><span class='ocrx_word' id='word_1_393' title='bbox 465 2395 622 2439; x_wconf 76' lang='lat' dir='ltr'>densus,</span> <span class='ocrx_word' id='word_1_394' title='bbox 668 2403 709 2430; x_wconf 89' lang='lat' dir='ltr'>ut</span> <span class='ocrx_word' id='word_1_395' title='bbox 755 2395 863 2442; x_wconf 77' lang='lat' dir='ltr'>prius</span> <span class='ocrx_word' id='word_1_396' title='bbox 898 2395 1046 2431; x_wconf 85' lang='lat' dir='ltr'>dictum</span> <span class='ocrx_word' id='word_1_397' title='bbox 1082 2405 1139 2432; x_wconf 86' lang='lat' dir='ltr'>est</span> <span class='ocrx_word' id='word_1_398' title='bbox 1168 2396 1172 2447; x_wconf 82' lang='grc' dir='ltr'>Ι</span> <span class='ocrx_word' id='word_1_399' title='bbox 1202 2428 1208 2439; x_wconf 68' lang='grc'>,</span> <span class='ocrx_word' id='word_1_400' title='bbox 1240 2398 1306 2432; x_wconf 84' lang='lat' dir='ltr'>sed</span> <span class='ocrx_word' id='word_1_401' title='bbox 1340 2409 1419 2432; x_wconf 89' lang='lat' dir='ltr'>non</span> <span class='ocrx_word' id='word_1_402' title='bbox 1454 2410 1554 2443; x_wconf 88' lang='lat' dir='ltr'>eque</span> <span class='ocrx_word' id='word_1_403' title='bbox 1589 2409 1768 2443; x_wconf 68' lang='lat' dir='ltr'>magnus,</span> <span class='ocrx_word' id='word_1_404' title='bbox 1792 2402 1899 2442; x_wconf 75' lang='lat'>8174</span> 
     </span>
     <span class='ocr_line' id='line_1_90' title="bbox 464 2448 1769 2504; baseline 0.002 -17"><span class='ocrx_word' id='word_1_405' title='bbox 464 2453 530 2487; x_wconf 82' lang='lat' dir='ltr'>sed</span> <span class='ocrx_word' id='word_1_406' title='bbox 577 2452 614 2487; x_wconf 92' lang='lat' dir='ltr'>in</span> <span class='ocrx_word' id='word_1_407' title='bbox 661 2448 718 2487; x_wconf 74' lang='lat'>2¹⁰</span> <span class='ocrx_word' id='word_1_408' title='bbox 764 2453 908 2488; x_wconf 82' lang='lat' dir='ltr'>minor.</span> <span class='ocrx_word' id='word_1_409' title='bbox 963 2455 1008 2488; x_wconf 78' lang='lat' dir='ltr'>Et</span> <span class='ocrx_word' id='word_1_410' title='bbox 1055 2453 1107 2489; x_wconf 87' lang='lat' dir='ltr'>ita</span> <span class='ocrx_word' id='word_1_411' title='bbox 1152 2454 1326 2501; x_wconf 87' lang='lat' dir='ltr'>quelibet</span> <span class='ocrx_word' id='word_1_412' title='bbox 1371 2456 1576 2501; x_wconf 89' lang='lat' dir='ltr'>dyameter</span> <span class='ocrx_word' id='word_1_413' title='bbox 1618 2455 1769 2504; x_wconf 70' lang='lat' dir='ltr'>mundi,</span> 
     </span>
     <span class='ocr_line' id='line_1_91' title="bbox 465 2509 1768 2557; baseline 0.003 -13"><span class='ocrx_word' id='word_1_414' title='bbox 465 2509 592 2556; x_wconf 80' lang='lat' dir='ltr'>posita</span> <span class='ocrx_word' id='word_1_415' title='bbox 611 2510 885 2546; x_wconf 81' lang='lat' dir='ltr'>uniformitate</span> <span class='ocrx_word' id='word_1_416' title='bbox 904 2510 1111 2547; x_wconf 82' lang='lat' dir='ltr'>densitatis</span> <span class='ocrx_word' id='word_1_417' title='bbox 1136 2512 1314 2554; x_wconf 82' lang='lat' dir='ltr'>materie,</span> <span class='ocrx_word' id='word_1_418' title='bbox 1341 2512 1495 2548; x_wconf 87' lang='lat' dir='ltr'>foretin</span> <span class='ocrx_word' id='word_1_419' title='bbox 1513 2509 1569 2549; x_wconf 78' lang='lat'>2¹0</span> <span class='ocrx_word' id='word_1_420' title='bbox 1598 2513 1768 2557; x_wconf 74' lang='lat' dir='ltr'>brevior,</span> 
     </span>
     <span class='ocr_line' id='line_1_92' title="bbox 464 2567 1347 2617; baseline 0.003 -15"><span class='ocrx_word' id='word_1_421' title='bbox 464 2567 646 2614; x_wconf 74' lang='lat' dir='ltr'>quumvis</span> <span class='ocrx_word' id='word_1_422' title='bbox 680 2568 930 2615; x_wconf 79' lang='lat' dir='ltr'>ymaginacio</span> <span class='ocrx_word' id='word_1_423' title='bbox 964 2569 1070 2604; x_wconf 82' lang='lat' dir='ltr'>dicat</span> <span class='ocrx_word' id='word_1_424' title='bbox 1102 2569 1347 2617; x_wconf 86' lang='lat' dir='ltr'>oppositum.</span> 
     </span>
    </p>
   </div>
   <div class='ocr_carea' id='block_1_7' title="bbox 1902 2399 1914 2414">
    <p class='ocr_par' dir='ltr' id='par_1_9' title="bbox 1902 2399 1914 2414">
     <span class='ocr_line' id='line_1_93' title="bbox 1902 2399 1914 2414; baseline 0 0"><span class='ocrx_word' id='word_1_425' title='bbox 1902 2399 1914 2414; x_wconf 77' lang='lat' dir='ltr'>l·</span> 
     </span>
    </p>
   </div>
   <div class='ocr_carea' id='block_1_8' title="bbox 461 2830 1765 2902">
    <p class='ocr_par' dir='ltr' id='par_1_10' title="bbox 461 2830 1765 2902">
     <span class='ocr_line' id='line_1_94' title="bbox 531 2830 1765 2875; baseline 0.002 -10"><span class='ocrx_word' id='word_1_426' title='bbox 531 2848 558 2869; x_wconf 72' lang='grc' dir='ltr'>ι).</span> <span class='ocrx_word' id='word_1_427' title='bbox 580 2830 699 2866; x_wconf 49' lang='lat' dir='ltr'>adeun]</span> <span class='ocrx_word' id='word_1_428' title='bbox 721 2839 752 2866; x_wconf 82' lang='lat' dir='ltr'>B.</span> <span class='ocrx_word' id='word_1_429' title='bbox 833 2848 875 2867; x_wconf 80' lang='lat' dir='ltr'>io.</span> <span class='ocrx_word' id='word_1_430' title='bbox 897 2841 963 2867; x_wconf 75' lang='lat' dir='ltr'>alne</span> <span class='ocrx_word' id='word_1_431' title='bbox 979 2849 1040 2875; x_wconf 81' lang='lat' dir='ltr'>pro</span> <span class='ocrx_word' id='word_1_432' title='bbox 1061 2850 1076 2867; x_wconf 88' lang='lat' dir='ltr'>a</span> <span class='ocrx_word' id='word_1_433' title='bbox 1097 2841 1211 2868; x_wconf 83' lang='lat' dir='ltr'>lumine</span> <span class='ocrx_word' id='word_1_434' title='bbox 1232 2841 1269 2874; x_wconf 80' lang='lat' dir='ltr'>B3</span> <span class='ocrx_word' id='word_1_435' title='bbox 1291 2842 1330 2868; x_wconf 80' lang='lat' dir='ltr'>ib.</span> <span class='ocrx_word' id='word_1_436' title='bbox 1351 2842 1440 2869; x_wconf 64' lang='lat' dir='ltr'>oblite</span> <span class='ocrx_word' id='word_1_437' title='bbox 1459 2841 1490 2868; x_wconf 86' lang='lat' dir='ltr'>B.</span> <span class='ocrx_word' id='word_1_438' title='bbox 1568 2849 1601 2868; x_wconf 87' lang='grc' dir='ltr'>ιι.</span> <span class='ocrx_word' id='word_1_439' title='bbox 1624 2842 1711 2869; x_wconf 72' lang='lat' dir='ltr'>oblite</span> <span class='ocrx_word' id='word_1_440' title='bbox 1733 2842 1765 2868; x_wconf 64' lang='lat'>13.</span> 
     </span>
     <span class='ocr_line' id='line_1_95' title="bbox 461 2873 1040 2902; baseline 0.002 -2"><span class='ocrx_word' id='word_1_441' title='bbox 461 2873 495 2900; x_wconf 83' lang='lat'>15.</span> <span class='ocrx_word' id='word_1_442' title='bbox 519 2879 588 2900; x_wconf 82' lang='lat' dir='ltr'>sunt</span> <span class='ocrx_word' id='word_1_443' title='bbox 608 2876 691 2900; x_wconf 66' lang='lat' dir='ltr'>deest</span> <span class='ocrx_word' id='word_1_444' title='bbox 710 2874 742 2901; x_wconf 87' lang='lat' dir='ltr'>B.</span> <span class='ocrx_word' id='word_1_445' title='bbox 834 2874 874 2902; x_wconf 85' lang='grc'>25.</span> <span class='ocrx_word' id='word_1_446' title='bbox 902 2875 982 2901; x_wconf 76' lang='lat' dir='ltr'>vetor</span> <span class='ocrx_word' id='word_1_447' title='bbox 1007 2878 1040 2902; x_wconf 68' lang='grc' dir='ltr'>Β.</span> 
     </span>
    </p>
   </div>
  </div>
 </body>
</html>
