1996 3322
201 963 237 982 10

199 1543 240 1563 ’.ΞΟ

106 1592 128 1622 H
155 1588 233 1631 143b

200 2114 240 2145 ’,πύ

225 2398 503 2436 [bustibilium
538 2398 707 2436 infinite.

252 316 339 343 CAP.
363 317 409 343 IX.
818 318 1000 349 LOGICA.

252 426 449 462 similibus
488 425 744 462 actuantibus
792 423 997 460 accionem
1046 433 1209 471 propter
1250 423 1559 471 propm'cioncm

253 497 352 520 voco
393 483 664 531 ydoneitatem
707 484 755 518 ad
796 483 1009 529 agendum.
1073 484 1120 517 Et
1162 480 1218 517 sic
1260 490 1388 529 potest
1422 482 1559 517 eadem

253 541 424 591 qualitas
466 540 543 577 dici
584 540 779 576 intensiva
820 553 899 588 quo
937 541 986 576 ad
1029 539 1386 575 denominaciones
1430 548 1466 575 et
1500 551 1562 575 ac-

255 600 389 636 ciones
424 597 680 646 multiplices.

311 660 392 693 Nec
439 658 551 706 obest
598 656 703 692 idem
751 655 1019 692 inanimatum
1067 654 1230 691 alterari
1276 667 1346 703 per
1391 664 1562 703 tempus,

253 728 342 752 cum
378 714 554 751 essencia
594 723 728 750 manet
768 714 956 750 continue
998 713 1037 749 in
1079 723 1336 762 quotcunque
1369 713 1563 749 minucias

253 773 308 809 sic
347 772 487 818 divisa,
528 781 565 809 et
604 772 770 809 mixtum
813 771 940 820 (quod
976 780 1032 808 est
1067 771 1133 808 illa
1167 771 1344 808 essencia
1378 772 1562 816 alterata)

253 831 344 868 licet
389 830 598 879 quodlibet
646 830 729 866 eius
774 822 1033 866 indivisibilia
1080 838 1415 878 corrumpuntur3
1469 829 1562 877 quia

254 902 344 937 pars
377 889 482 925 illius
517 888 626 924 mixti
660 901 737 937 que
771 896 952 925 remanet
986 889 1206 924 secundum
1239 887 1440 935 disparem
1468 887 1563 923 mix-

253 947 401 983 tionem
438 947 579 995 recipit
611 946 808 995 quotlibet
841 945 1056 995 qualitates
1091 949 1169 992 2³³3
1204 954 1241 982 et
1274 945 1371 982 illud
1398 945 1562 981 mixtum

253 1006 446 1042 alteratur
493 1009 549 1043 2m
585 1014 755 1052 partem,
818 1007 866 1040 Et
910 1005 1155 1052 quandoque
1202 1013 1338 1040 manet
1384 1003 1563 1040 essencia

253 1063 553 1112 composicione
588 1065 645 1110 [ut
676 1063 730 1110 in]
765 1063 888 1112 fumo,
923 1062 1025 1110 igne,
1060 1075 1179 1110 aqua,
1222 1071 1341 1108 terra,
1383 1070 1420 1098 et
1452 1074 1563 1108 aere3

254 1123 498 1170 quandoque
542 1134 625 1158 non
658 1130 806 1167 manet,
855 1120 921 1157 illa
968 1119 1107 1156 divisa.
1171 1122 1218 1156 Et
1262 1119 1317 1156 sic
1363 1119 1563 1168 simplicia

255 1180 376 1216 mixta
415 1189 584 1228 possunt
624 1178 779 1215 variare
821 1178 1022 1214 mixtionis
1061 1180 1220 1226 gradus,
1261 1187 1391 1214 stante
1424 1179 1564 1214 eadem

221 1239 396 1283 5forma,
439 1237 531 1286 quia
566 1237 681 1274 aliter
721 1250 802 1273 non
836 1237 1001 1273 haberet
1035 1236 1200 1272 mixtum
1235 1235 1564 1285 permanenciam

254 1297 411 1344 agendo
444 1296 504 1332 vel
537 1295 748 1344 paciendo,

312 1354 440 1399 Unde,
466 1367 538 1402 pro
561 1353 699 1390 leviori
724 1352 933 1389 locucione
966 1352 1005 1388 in
1031 1352 1096 1388 illa
1122 1352 1303 1402 materia,
1327 1353 1564 1398 notandum,

256 1413 476 1448 secundum
542 1412 707 1447 modum
760 1410 953 1459 loquendi
1011 1410 1188 1447 Platonis
1248 1419 1284 1446 et
1352 1410 1562 1458 scripture,

256 1471 363 1518 quod
417 1469 594 1506 essencie
648 1478 815 1517 possunt
864 1468 1048 1516 accipere
1095 1468 1452 1505 denominaciones
1507 1471 1564 1503 2¹¹¹

256 1527 408 1576 species
441 1527 628 1565 diversas.
692 1530 740 1564 Et
773 1526 829 1563 sic
863 1526 1031 1563 concedi
1064 1535 1194 1575 potest
1234 1527 1341 1575 quod
1374 1526 1474 1575 ignis
1510 1535 1566 1563 est

257 1599 375 1635 aqua,
422 1595 542 1635 terra,
589 1595 625 1622 et
673 1585 729 1622 sic
773 1586 820 1621 de
865 1584 1064 1633 quotlibet
1118 1584 1340 1633 speciebus.
1403 1585 1474 1620 Vel
1503 1581 1507 1636 l
1536 1584 1567 1620 si

256 1643 543 1692 peripateticus
576 1645 627 1680 ob
659 1643 835 1680 favorem
862 1642 1090 1679 Aristotelis
1124 1644 1200 1679 hoc
1222 1642 1439 1691 negaverit,
1474 1652 1568 1679 tunc

256 1711 390 1751 potest
424 1702 556 1751 primo
589 1701 761 1750 supponi
794 1710 924 1738 toturn
949 1714 1032 1738 esse
1056 1714 1147 1737 suas
1171 1710 1317 1749 parteS.
1374 1705 1418 1738 20
1459 1702 1567 1750 quod

256 1759 406 1807 omnia,
447 1760 638 1809 preterita
684 1760 744 1796 vel
782 1760 930 1806 futura,
971 1768 1076 1795 sunt.
1139 1761 1187 1795 Et
1225 1763 1285 1808 30,
1333 1760 1440 1807 quod
1482 1758 1569 1807 qui-

256 1831 414 1867 cunque
465 1831 657 1854 numerus
702 1830 920 1866 corporum
959 1817 1009 1854 sit
1059 1830 1218 1865 corpus.
1284 1816 1438 1862 Quibus
1476 1830 1568 1865 sup-

255 1876 409 1924 positis,
443 1885 574 1924 potest
608 1875 685 1913 dici
719 1877 826 1924 quod
868 1888 1013 1924 corpus
1046 1875 1328 1921 successivum,
1369 1887 1412 1911 ex
1444 1875 1568 1923 parti-

255 1937 326 1971 bus
358 1934 536 1971 viccisim
572 1934 771 1983 generatis
805 1933 1089 1982 compositum,
1130 1934 1323 1970 alteratur
1356 1942 1393 1970 et
1426 1932 1568 1981 recipit

255 1993 550 2041 quantumlibet
585 1992 763 2041 dispares
802 1991 1157 2028 denominaciones
1195 1995 1252 2029 2¹¹¹
1276 2001 1410 2039 partes
1434 1991 1568 2027 huius-

257 2051 378 2097 modi,
418 2050 510 2087 licet
549 2064 632 2087 non
682 2050 732 2087 sit
784 2050 919 2098 aliqua
965 2051 1211 2088 earumdem.
1277 2051 1343 2096 Ut,
1392 2058 1568 2097 ponente

256 2111 363 2158 quod
398 2118 648 2157 agregatum,
683 2121 726 2145 ex
753 2108 991 2156 corporibus
1015 2107 1312 2157 quantumlibet
1346 2107 1567 2155 disparium

256 2167 480 2216 specierum
505 2166 728 2203 successive
751 2175 1002 2215 generatum,
1028 2175 1258 2214 apponatur
1282 2165 1567 2211 combustioni,

257 2235 351 2262 tunc
393 2225 489 2261 illud
527 2238 673 2273 corpus
720 2224 990 2261 successivum
1044 2226 1161 2261 durat
1214 2223 1254 2260 in
1299 2223 1568 2260 calefaccione

257 2292 325 2320 aut
359 2283 638 2320 combustione
672 2282 712 2319 in
746 2295 839 2319 casu
871 2295 942 2331 per
965 2282 1163 2331 quotlibet
1187 2295 1326 2320 annos,
1371 2281 1436 2318 Sic
1461 2281 1565 2318 enim

257 2341 355 2378 dicit
387 2341 622 2378 Aristoteles
658 2340 790 2389 ignem
826 2353 1004 2378 crescere
1038 2353 1108 2389 per
1131 2339 1433 2389 apposicionem
1460 2352 1567 2376 com-

771 2401 819 2435 Et
851 2398 905 2436 ita
945 2400 1164 2435 secundum
1199 2397 1400 2446 polliticos
1435 2407 1569 2434 manet

257 2457 363 2493 idem
399 2456 669 2504 collectivum,
702 2466 740 2493 et
773 2458 912 2494 eadem
947 2469 1052 2505 aqua
1087 2456 1404 2503 mediterranea;
1439 2465 1476 2492 et
1510 2459 1566 2492 2⁰¹

256 2515 510 2552 Aristotelem
546 2515 651 2551 idem
688 2527 848 2552 manere
883 2524 1078 2561 eternum,
1119 2527 1195 2563 que
1229 2514 1496 2551 diversimode
1529 2513 1569 2549 in

327 2669 364 2689 12.
387 2665 419 2689 ut
437 2661 468 2689 in
489 2661 591 2696 deest3
611 2661 691 2696 ignis
712 2661 837 2695 fumus3
858 2661 896 2688 ih.
917 2669 968 2688 aer
988 2660 1020 2687 Β.
1095 2668 1136 2694 14.
1159 2660 1306 2688 mixtionis
1327 2660 1360 2688 B.

327 2755 357 2776 2.
383 2745 440 2776 Ad
464 2745 656 2787 agendum.
695 2745 802 2776 Some
828 2744 948 2775 words
987 2754 1045 2775 are
1072 2743 1250 2786 evidently
1287 2744 1443 2785 wanting
1473 2743 1569 2774 here.

259 2791 288 2823 5.
318 2792 572 2824 Inanimatnm.
615 2790 702 2822 This
746 2790 939 2832 paragraph
980 2790 1075 2821 deals
1113 2789 1195 2820 with
1228 2789 1286 2821 the
1325 2789 1493 2831 difficulty
1536 2789 1576 2820 of

258 2837 469 2879 reconciling
495 2838 639 2880 identity
666 2836 750 2868 with
778 2836 911 2878 change
939 2837 971 2867 in
1000 2847 1068 2867 non
1094 2836 1202 2877 living
1227 2835 1353 2877 things.
1381 2835 1457 2867 The
1475 2836 1570 2866 iden-

257 2884 318 2926 tity
345 2883 385 2914 of
406 2883 464 2914 the
490 2883 576 2922 soul,
620 2894 660 2914 or·
685 2883 788 2922 form,
839 2893 876 2914 as
903 2882 1037 2924 Wyclif
1070 2881 1132 2913 has
1170 2882 1280 2913 above
1319 2882 1461 2923 pointed
1501 2887 1571 2921 out,

257 2929 413 2961 obviatcs
440 2929 507 2961 this
534 2928 704 2972 difficulty
730 2929 784 2961 for
809 2929 917 2970 living
943 2928 1069 2970 things.

1774 319 1816 343 1²)

1596 663 1644 688 An
1667 663 1833 689 inanimant-

1627 698 1713 731 thing
1735 706 1783 724 mai

1607 733 1752 759 continue
1773 737 1822 759 tie

1632 776 1725 800 same,
1745 772 1791 803 yet

1614 802 1726 829 altered
1749 807 1780 829 to
1802 810 1816 828 a

1595 837 1708 864 certain
1730 841 1841 869 extent,

1623 872 1752 899 because
1773 872 1810 898 its

1656 915 1780 934 essence

1643 942 1786 969 remains.

1587 977 1773 1005 Sometimes
1795 976 1843 1002 tlie

1585 1019 1709 1039 esscnce
1729 1011 1764 1038 of
1782 1011 1854 1037 each

1657 1047 1788 1073 element

1652 1081 1786 1108 remains

1580 1116 1609 1144 in
1632 1115 1855 1145 combination.

1625 1151 1804 1178 sometimes

1655 1190 1794 1221 separate

1592 1221 1651 1248 and
1672 1223 1756 1248 there
1777 1228 1847 1255 may

1629 1256 1663 1283 be
1684 1255 1809 1282 various

1627 1291 1753 1325 dcgrees
1773 1292 1804 1316 ot

1610 1325 1830 1360 composition.

1616 1371 1675 1399 We
1697 1380 1777 1406 may,
1798 1371 1827 1398 in

1616 1406 1675 1433 this
1697 1411 1815 1439 matter,

1615 1442 1719 1469 follow
1739 1441 1824 1468 Plato

1593 1476 1651 1503 and
1674 1476 1845 1511 scripture,

1611 1511 1669 1538 and
1692 1519 1745 1546 say
1765 1511 1830 1537 that

1609 1546 1660 1574 firc
1681 1545 1706 1572 is
1729 1550 1831 1579 water,

1636 1581 1733 1613 earth,
1755 1579 1810 1608 ἃς.

1631 1615 1686 1649 Or,
1707 1620 1759 1642 not
1779 1620 1809 1642 to

1630 1650 1807 1678 contradict

1596 1685 1755 1719 Aristotle,
1778 1689 1846 1711 note

1594 1721 1659 1747 that
1679 1721 1730 1747 the
1752 1719 1853 1746 whole

1618 1755 1643 1782 is
1665 1755 1703 1782 its
1724 1759 1824 1790 parts:

1618 1790 1683 1817 that
1703 1791 1785 1816 what
1807 1789 1833 1816 is

1595 1829 1663 1860 past
1683 1833 1718 1851 or
1738 1825 1850 1859 future,

1618 1860 1664 1891 is‚·
1683 1858 1741 1886 and
1762 1859 1825 1886 that

1600 1903 1616 1921 a
1636 1894 1796 1922 collection
1818 1894 1852 1920 of

1630 1929 1737 1956 bodies
1758 1929 1783 1956 is
1803 1936 1820 1955 a

1676 1963 1766 2000 body.

1609 1998 1637 2026 If
1654 2007 1699 2033 so,
1720 2007 1736 2025 a
1758 1998 1838 2033 body

1612 2033 1781 2068 composed
1803 2035 1833 2059 ot

1654 2068 1796 2095 different

1636 2103 1810 2130 successive

1678 2142 1772 2176 parts,

1618 2181 1673 2200 can
1696 2180 1813 2200 receive

1649 2207 1788 2234 different

1603 2242 1754 2277 qualities,
1777 2241 1834 2268 and

1628 2277 1743 2304 remain
1765 2277 1815 2303 tlic

1608 2320 1708 2345 same;
1728 2312 1798 2338 thus
1820 2319 1835 2337 a

1606 2347 1785 2374 succession
1806 2347 1841 2372 ot‘

1612 2381 1835 2409 combustibles

1601 2416 1717 2443 burned
1739 2415 1765 2443 is
1785 2423 1843 2442 one

1602 2451 1684 2486 body
1704 2451 1769 2489 that
1789 2457 1843 2477 can

1648 2490 1792 2513 continue

1619 2520 1753 2555 burning
1773 2520 1820 2546 sor

1635 2563 1733 2591 years,
1755 2554 1804 2581 the

1601 2589 1844 2617 Mediterranean

1619 2624 1752 2659 changes
1771 2623 1830 2650 and

1621 2659 1756 2686 remains
1776 2658 1826 2685 the

1644 2701 1727 2720 same
1748 2701 1809 2727 sea,
