1996 3322
275 292 363 321 CAP.
385 293 437 321 lX.
836 299 1021 331 LOGICA.

272 403 570 440 indivisibiliter
592 404 770 441 velocius
804 405 915 442 moti.
946 406 1003 452 30,
1029 406 1123 454 quia
1156 408 1234 443 tale
1259 407 1584 445 circumductum

272 474 351 498 non
385 471 567 498 movetur
601 462 775 499 velocius
809 476 929 511 quam
966 464 1111 512 aliquis
1146 465 1229 501 eius
1264 475 1455 513 punctus;
1491 467 1585 515 quia

271 528 366 555 tunc
386 529 613 556 moveretur
629 521 818 557 velociori
839 523 965 569 gradu
992 531 1142 568 motus;
1167 532 1203 559 et
1227 536 1298 571 per
1321 537 1584 573 consequens,

271 590 360 613 cum
409 579 555 626 gradus
604 578 676 615 iste
724 579 775 615 sit
820 581 989 623 dandus,
1037 590 1139 617 esset
1185 583 1280 618 dare
1325 582 1423 618 illud
1477 585 1585 631 quod

238 635 405 683 §primo
457 645 640 672 movetur
685 637 752 673 illo
798 639 938 685 gradu.
989 638 1099 674 Sicut
1133 651 1227 687 ergo
1272 652 1352 676 non
1398 649 1456 676 est
1490 642 1585 677 dare

271 693 425 741 precise
449 707 570 742 quam
594 695 785 731 velociter
808 695 1000 744 precipue
1018 706 1201 733 movetur
1234 698 1379 745 aliquis
1413 707 1584 746 punctus

269 751 325 787 sic
371 751 484 793 moti,
531 752 585 788 ita
630 765 703 789 nec
736 762 793 789 est
828 755 922 790 dare
956 763 1151 802 quantum
1186 756 1362 791 velocior
1396 756 1585 804 precipue

271 818 451 845 movetur
484 819 612 846 totum
649 811 810 847 mobile.
845 813 893 847 Et
918 821 1062 860 quarto
1086 822 1210 860 patet,
1236 814 1329 861 quia
1352 815 1584 861 ymaginato

269 868 376 915 quod
410 869 485 904 Sor
518 868 817 905 circumductus
849 870 1101 919 derelinquat
1140 881 1229 919 post
1262 884 1315 917 se,
1350 885 1421 920 per
1454 881 1583 908 totum

210 924 305 970 Join
340 938 420 973 quo
452 926 569 962 fuerit
602 926 737 975 aliqua
777 940 869 975 pars
909 928 990 964 eius
1026 928 1269 977 [caliditatis⁷
1312 929 1455 977 ipsam]
1492 930 1586 967 cali-

268 982 436 1019 ditatem
484 984 545 1020 vel
585 984 693 1021 aliud
734 985 921 1022 accidens
961 988 1245 1035 quodcunque,
1293 996 1329 1024 et
1363 1001 1443 1024 non
1477 998 1584 1025 extra

268 1040 378 1077 illum
414 1041 549 1092 situm,
584 1051 693 1090 patet
734 1045 842 1091 quod
889 1045 1091 1092 completa
1138 1045 1493 1082 circumduccione
1528 1056 1585 1083 est

268 1100 363 1135 dare
395 1100 520 1136 totale
553 1100 740 1137 accidens
773 1101 1024 1145 derelictum,
1059 1112 1095 1139 et
1138 1116 1208 1151 per
1242 1116 1493 1152 consequens
1528 1114 1585 1140 est

268 1157 364 1193 dare
410 1157 492 1194 eius
539 1158 882 1204 circumferencia,
930 1173 1020 1196 cum
1067 1161 1195 1197 solum
1245 1162 1354 1198 finite
1387 1162 1584 1199 situaliter

217 1215 506 1252 :Sextendituiz
563 1219 697 1262 Quero
741 1217 863 1265 igitur
915 1228 1048 1255 utrum
1104 1219 1434 1256 circumferencia
1493 1221 1583 1257 talis

267 1273 486 1309 accidentis
526 1274 575 1310 sit
623 1274 752 1311 maior
797 1289 918 1324 quam
965 1276 1188 1324 triangulus
1233 1278 1457 1326 descriptus
1499 1292 1520 1314 a
1554 1280 1582 1314 B

267 1340 417 1378 puncto
463 1331 775 1376 (indivisibiliter
826 1333 1003 1370 velocius
1051 1345 1162 1371 moto
1209 1336 1414 1384 continue)
1460 1350 1580 1385 quam

267 1389 411 1437 aliquis
445 1399 617 1437 punctus
651 1390 690 1427 in
724 1390 904 1438 instanti,
928 1393 988 1428 vel
1023 1393 1167 1433 minor,
1201 1395 1261 1430 vel
1296 1395 1582 1442 equalis?Non

267 1447 430 1483 dubium
467 1450 574 1496 quod
608 1449 802 1499 sequitur,
844 1463 916 1498 pro
950 1451 1131 1499 quolibet
1164 1451 1329 1488 instanti
1364 1452 1582 1489 intrinseco

210 1516 250 1536 20
268 1514 413 1555 motus,
454 1506 627 1554 aliquem
662 1517 855 1555 punctum
892 1508 1019 1545 Sortis
1052 1510 1228 1546 velocius
1275 1510 1426 1547 moveri
1460 1523 1581 1559 quam

266 1565 295 1598 B
328 1563 585 1601 uniformiter
619 1574 786 1603 motum.
811 1568 886 1603 Sed
924 1566 1049 1603 miror
1081 1581 1205 1616 quare
1238 1582 1318 1605 non
1352 1569 1425 1605 erit
1450 1578 1583 1606 motus

267 1622 295 1656 Β
328 1630 437 1658 tante
482 1622 671 1669 velocior,
719 1637 837 1672 quam
881 1624 1054 1662 circulus
1088 1626 1312 1675 descriptus
1346 1629 1394 1663 ab
1428 1640 1474 1664 eo
1509 1627 1583 1664 erit

268 1679 419 1716 maior?
460 1682 507 1716 Et
554 1694 641 1717 cum
690 1682 950 1719 uniformiter
992 1685 1228 1730 movebitur,
1281 1685 1393 1721 sicud
1448 1694 1484 1721 et
1538 1688 1581 1732 Β,

266 1746 308 1773 ut
352 1751 551 1786 suppono,
598 1740 780 1788 sequitur
829 1753 918 1777 cum
966 1742 1109 1778 dandis
1155 1744 1261 1791 quod
1307 1743 1347 1779 in
1401 1743 1582 1791 qualibet

209 1796 248 1828 25
268 1804 380 1843 parte
414 1796 503 1832 talis
528 1797 736 1846 temporis,
761 1800 790 1834 B
815 1800 1022 1836 excederet
1047 1802 1205 1837 Sortem
1230 1814 1300 1849 per
1324 1801 1579 1838 indivisibile.

268 1855 372 1900 Ergo
405 1867 485 1890 non
524 1855 652 1891 solum
699 1855 994 1893 indivisibiliter
1040 1868 1223 1895 movetur
1268 1861 1297 1895 Β
1331 1859 1506 1896 velocius
1540 1862 1578 1896 S.

265 1913 313 1947 Et
347 1911 411 1948 hic
442 1912 600 1949 videtur
635 1916 756 1962 quod,
782 1914 1059 1953 circumducta
1093 1929 1115 1953 a
1149 1919 1178 1952 Β
1203 1917 1307 1954 linea
1330 1919 1375 1964 A,
1402 1926 1579 1954 extremo

266 1969 455 2007 continue
489 1971 732 2019 quiescente,
757 1983 940 2010 causaret
972 1987 1043 2022 per
1076 1976 1104 2010 B
1139 1984 1293 2011 motum
1325 1976 1578 2023 circularem,

265 2027 367 2064 sicut
400 2028 645 2066 describeret
668 2030 789 2067 situm
813 2031 1076 2079 circularem3
1101 2042 1138 2069 et
1162 2043 1299 2070 amoto
1323 2034 1406 2071 eius
1429 2043 1579 2082 puncto

207 2086 471 2123 3oextremali
516 2087 601 2124 sine
646 2088 764 2136 pluri,
810 2089 850 2126 in
897 2094 940 2127 2a
986 2090 1068 2126 eius
1114 2091 1470 2129 circumduccione
1515 2094 1580 2129 de-

113 2377 139 2407 B
165 2373 242 2418 129¹'

265 2143 456 2181 scriberet
489 2145 683 2182 circulum
718 2146 985 2184 inmediatum
1021 2148 1166 2196 priori:
1212 2159 1250 2186 et
1281 2150 1337 2187 sic
1371 2151 1453 2187 sine
1488 2151 1578 2187 fine.

265 2204 312 2238 Et
352 2202 408 2239 sic
452 2213 765 2252 componeretur
815 2205 988 2243 circulus
1034 2219 1077 2243 ex
1133 2207 1475 2245 circumferenciis
1520 2208 1579 2244 in-

266 2260 463 2297 mediatis.
512 2263 593 2298 Nec
639 2271 697 2299 est
737 2263 902 2300 dubium
937 2264 1035 2313 quin
1069 2274 1126 2302 est
1160 2267 1256 2302 dare
1300 2268 1424 2303 totale
1457 2266 1577 2303 situm

265 2331 335 2366 per
369 2331 486 2367 quem
529 2321 604 2356 Sor
642 2321 714 2357 fuit
751 2335 824 2369 pro
864 2331 1047 2371 tempore
1088 2336 1157 2360 sue
1197 2324 1575 2362 circumduccionis.

265 2378 312 2412 Et
345 2377 401 2412 sic
434 2378 481 2413 de
514 2379 547 2414 A
580 2387 618 2414 et
650 2381 678 2415 B
712 2379 829 2425 linea,
875 2393 1118 2430 quocunque
1162 2391 1275 2430 parte
1316 2383 1467 2429 mundi,
1498 2380 1503 2436 Ι
1532 2396 1578 2419 eo

264 2436 372 2482 quod
418 2444 475 2471 est
521 2437 615 2472 dare
657 2437 874 2474 maximum
920 2439 1040 2475 situm
1087 2439 1127 2475 in
1170 2442 1336 2491 mundo,
1381 2442 1430 2477 ad
1466 2442 1577 2477 cuius

334 2624 374 2643 10.
397 2616 562 2644 caliditatis
583 2617 683 2653 ipsam
703 2618 786 2647 deest
806 2620 838 2646 Β.
930 2619 966 2648 30
1000 2612 1061 2655 plin
1085 2620 1117 2648 Β.

331 2687 362 2720 8.
390 2690 438 2720 Et
462 2694 600 2731 quarto.
641 2690 691 2722 Of
712 2690 770 2722 the
795 2691 912 2724 whole
945 2692 985 2724 of
1006 2692 1073 2724 this
1107 2693 1299 2735 paragraph
1333 2695 1398 2725 and
1426 2694 1483 2726 the
1510 2694 1576 2725 fol-

263 2735 394 2776 lowing
420 2746 517 2774 ones,
557 2737 566 2767 l
593 2736 683 2769 have
709 2737 796 2769 been
823 2739 900 2769 able
937 2745 972 2769 to
999 2740 1211 2771 understand
1244 2739 1391 2782 nothing
1422 2741 1578 2772 relevant

262 2787 298 2811 to
325 2781 382 2813 the
409 2784 572 2823 question
591 2784 784 2815 discussed.
811 2785 963 2816 Readers
990 2785 1117 2817 should
1145 2786 1228 2818 bear
1253 2787 1286 2817 in
1314 2787 1409 2818 mind
1429 2787 1501 2818 that
1519 2787 1576 2818 the

263 2828 333 2858 MS.
361 2829 388 2859 is
415 2829 557 2870 unique,
585 2829 777 2872 frightfully
803 2831 967 2872 illegible,
994 2832 1181 2875 especially
1207 2834 1241 2864 in
1267 2833 1335 2864 this
1361 2837 1447 2874 part,
1474 2833 1575 2864 with-

263 2879 325 2904 out
357 2885 423 2917 any
462 2877 673 2907 corrections
706 2876 795 2908 from
822 2877 903 2909 here
929 2882 965 2908 to
984 2877 1042 2909 the
1069 2879 1146 2917 end,
1176 2880 1242 2910 and
1264 2879 1407 2921 bearing
1433 2890 1527 2921 upon
1556 2890 1574 2910 a

262 2920 396 2962 subject
421 2921 535 2953 which
562 2923 590 2953 is
616 2923 711 2954 itself
732 2923 954 2966 particularly
979 2924 1064 2955 hard
1091 2931 1127 2956 to
1154 2926 1378 2957 understand.

1825 297 1876 345 89

1673 418 1708 451 (3)
1730 419 1755 445 11
1776 419 1801 445 is

1602 452 1784 487 impossible
1806 455 1870 481 that

1625 496 1640 514 a
1663 488 1743 524 body
1763 490 1852 516 could

1637 531 1726 550 move
1749 525 1842 551 l'aster

1608 558 1678 584 than
1702 566 1760 593 any
1781 560 1815 585 οῖ’
1833 560 1870 585 its

1630 600 1699 619 own
1723 593 1841 627 points;

1665 628 1765 654 which
1787 628 1812 655 is

1613 661 1751 697 imphcd,
1774 663 1798 689 it‘
1816 663 1864 690 the

1613 705 1752 724 measure
1774 699 1808 724 of
1825 699 1863 724 its

1629 732 1758 768 velocity
1779 733 1805 759 is
1826 742 1842 759 a

1609 767 1668 794 line
1689 768 1810 795 outside
1831 769 1864 796 it.
