1996 3322
155 356 206 392 50

152 468 199 494 illc
222 467 292 493 base
313 466 347 491 w*
367 465 427 491 Illis

179 502 317 535 triangle,
338 500 396 527 and

236 536 331 562 exists

166 570 365 604 accidentally
386 574 413 595 at

159 614 217 641 any
238 610 305 640 part
327 605 361 631 of
379 604 417 630 its

207 639 366 675 produced

246 675 338 701 sides.

152 709 219 736 The
240 709 318 736 solid
341 707 428 741 angle

216 745 241 771 is
263 745 290 771 in
312 744 361 770 tlte

199 784 336 813 tetragon
358 779 389 804 ot

190 814 260 840 sour
282 813 394 848 points.

189 850 238 875 Ille
260 848 395 874 smallest

231 884 352 909 volume

221 918 365 951 possible.

249 1452 286 1478 (¹2)
307 1449 351 1475 As

207 1483 393 1511 ‘xxlliteness‘

234 1527 303 1554 may
324 1518 358 1544 be

206 1561 351 1580 common
374 1557 404 1579 to

183 1597 275 1623 many
298 1588 415 1617 bodiesv

189 1632 222 1650 so
243 1622 416 1658 angularity

237 1666 305 1692 ma)v
330 1657 364 1683 be

229 1700 373 1719 common

178 1727 310 1754 without
333 1727 420 1760 being

212 1761 394 1795 multiplied.

196 1797 251 1824 But
273 1804 317 1822 we
337 1804 407 1830 may

218 1836 306 1866 grant
326 1831 389 1856 that

196 1874 288 1900 many
306 1866 413 1903 ¹angles

207 1905 284 1927 exist
305 1908 333 1926 in
355 1908 413 1926 one

258 1934 354 1969 point.

872 349 1096 380 ,ltnfflsxNle
1124 348 1307 379 WYtjfflF
1590 346 1680 373 CAP.
1700 345 1752 372 lx.

444 461 536 494 base
572 457 739 492 minima
773 454 1014 503 bipunctali3
1048 453 1352 490 accidentaliter
1376 462 1508 490 autem
1544 452 1754 500 tripliciter

444 517 493 552 ad
528 514 750 563 quamlibet
784 515 918 549 basem
965 525 1092 549 suam.
1140 511 1318 547 Primum
1362 520 1494 548 autem
1529 511 1752 547 subiectum

443 573 577 621 anguli
612 572 885 619 cuiuscunque
920 569 1103 618 corporei
1138 569 1412 606 mathematici
1447 579 1504 606 est
1527 568 1756 605 substancia

444 630 818 680 quadrupunctalis,
853 641 929 676 que
963 637 1019 664 est
1054 640 1198 675 corpus
1234 627 1444 664 minimum
1480 627 1682 676 possibile.
1709 629 1756 662 Et

444 688 812 738 proposcionaliter
846 686 992 722 dicitur
1026 687 1073 721 de
1107 686 1254 733 angulo
1279 685 1468 723 naturali.
1492 685 1638 733 Anguli
1664 698 1756 732 ergo

444 760 524 783 non
559 747 747 783 dicuntur
775 743 956 792 corporei
990 744 1050 780 vel
1084 743 1372 791 superficiales,
1397 743 1543 789 obtusi,
1568 752 1674 779 recte
1697 743 1757 779 vel

446 805 565 847 acuti,
612 804 687 840 nisi
727 803 821 851 quia
868 802 1030 839 effectus
1075 801 1255 849 corporis
1305 801 1452 838 extensi
1498 810 1590 837 sunt
1623 800 1757 837 huius-

448 863 570 899 modi.
603 863 784 909 Angulus
818 873 912 908 ergo
947 859 1169 896 formaliter
1203 859 1438 896 denominat
1463 872 1577 895 suum
1603 858 1756 895 subiec-

447 931 530 957 tum
567 920 740 968 primum
776 920 1025 967 angulatum,
1050 926 1087 953 et
1120 917 1339 954 efficienter
1362 917 1570 965 quodlibet
1603 916 1756 953 subiec-

447 989 530 1015 tum
579 978 690 1014 cuius
735 977 869 1025 ipsum
919 975 1145 1012 subiectum
1200 975 1374 1023 primum
1419 984 1476 1011 est
1518 988 1623 1023 pars.
1676 977 1757 1010 Nec

446 1045 605 1084 oportet
638 1037 769 1084 ipsum
796 1035 984 1083 angulum
1012 1046 1095 1070 esse
1119 1046 1189 1081 per
1213 1046 1374 1070 omnem
1398 1033 1485 1081 ipso
1510 1033 1758 1081 angulatum.

445 1096 589 1130 Ymmo
614 1094 714 1130 sicut
738 1106 816 1129 non
843 1105 912 1140 per
944 1101 1073 1128 totum
1110 1091 1324 1139 Ethiopem
1359 1100 1416 1128 est
1449 1091 1504 1127 ita
1536 1092 1643 1139 quod
1676 1090 1758 1138 ipse

447 1162 503 1189 est
537 1154 649 1189 albus
684 1155 740 1189 2¹n
779 1153 930 1195 dentes,
964 1151 1033 1186 sed
1066 1150 1194 1186 solum
1230 1151 1280 1186 ad
1304 1151 1453 1195 dentes,
1487 1149 1542 1185 sic
1575 1162 1656 1185 nou
1689 1161 1760 1196 per

447 1220 573 1247 totam
610 1210 777 1258 figuram
804 1218 860 1245 est
883 1209 937 1245 ita
962 1209 1069 1256 quod
1102 1208 1187 1256 ipsa
1212 1209 1330 1244 habet
1354 1206 1601 1255 posicionem
1628 1206 1760 1242 21³¹in-

449 1269 643 1305 directum
671 1280 910 1304 concursum
936 1266 1132 1302 linearum
1156 1265 1383 1302 lateralium
1401 1267 1450 1301 ad
1475 1266 1611 1302 datum
1638 1277 1761 1312 punc-

449 1338 547 1372 tum,
572 1328 638 1362 sed
656 1327 785 1362 solum
811 1327 859 1361 ad
877 1325 987 1361 illum
1009 1333 1217 1372 punctum.
1243 1326 1283 1359 ln
1304 1324 1444 1360 eodem
1464 1336 1557 1371 ergo
1573 1323 1651 1359 situ
1670 1324 1762 1359 ade-

450 1394 572 1434 quato
597 1393 689 1420 sunt
713 1384 881 1431 angulus
906 1391 942 1419 et
966 1390 1138 1430 punctus
1163 1381 1314 1418 conalis
1331 1382 1456 1429 figure
1480 1381 1536 1417 sic
1560 1381 1760 1428 angulate.

513 1444 560 1479 Et
598 1455 668 1490 per
702 1444 775 1478 hoc
808 1450 916 1489 patet
948 1439 1157 1487 responsio
1182 1441 1229 1476 ad
1256 1443 1327 1476 2¹³¹.
1352 1439 1463 1475 Sicut
1490 1439 1594 1475 enim
1621 1440 1760 1475 eadem

455 1502 597 1537 albedo
622 1500 744 1548 partis
771 1508 826 1535 est
850 1497 1075 1535 communis
1099 1497 1294 1545 quotlibet
1310 1497 1548 1546 corporibus
1570 1497 1649 1533 iam
1675 1509 1764 1544 par-

454 1558 716 1606 ticipantibus
750 1557 833 1593 sine
868 1557 950 1593 eius
990 1555 1266 1599 multitudine;
1301 1556 1356 1592 sie
1392 1564 1537 1600 motus,
1581 1555 1762 1602 angulus,

456 1626 491 1653 et
508 1616 705 1664 quotlibet
721 1616 798 1651 alia
821 1614 1065 1659 accidencia,
1090 1623 1170 1650 tam
1195 1613 1415 1661 respectiva
1431 1626 1551 1661 quam
1569 1613 1761 1649 absoluta.

514 1674 760 1710 Conceditur
793 1683 928 1709 tamen
962 1671 1157 1720 quotlibet
1203 1672 1385 1720 angulos,
1431 1680 1514 1708 tam
1561 1671 1764 1707 naturales

456 1745 575 1780 quam
625 1731 948 1776 mathematicos,
995 1743 1078 1766 esse
1123 1731 1172 1766 ad
1218 1731 1388 1766 eundem
1433 1738 1648 1777 punctum;
1697 1729 1766 1764 sed

457 1803 537 1826 non
589 1799 749 1838 oportet
802 1788 1023 1837 quamlibet
1077 1788 1245 1835 figuram
1292 1789 1342 1824 ad
1387 1788 1525 1824 datum
1571 1795 1765 1835 punctum

458 1848 654 1884 conaliter
698 1847 955 1884 terminatam
1003 1847 1150 1882 habere
1197 1846 1387 1893 angulum
1436 1844 1764 1882 mathematicum
1810 1851 1819 1855 ”

457 1905 677 1942 immediate
722 1918 842 1953 supra
887 1905 1081 1953 priorem:
1128 1913 1164 1940 et
1205 1903 1287 1939 eius
1321 1903 1516 1940 mediatas
1549 1904 1667 1939 habet
1700 1915 1767 1939 an-

459 1965 594 2012 gulum
628 1964 846 2000 inmediate
879 1975 999 2010 supra
1035 1966 1118 2008 2⁰¹3
1153 1970 1189 1998 et
1222 1961 1278 1997 sic
1302 1962 1349 1997 de
1373 1961 1573 2009 quotlibet
1597 1960 1766 2008 angulis,

460 2022 652 2070 quoniam
688 2021 938 2058 constituunt
972 2034 1095 2056 unum
1130 2020 1321 2067 angulum
1356 2022 1597 2065 naturalem,
1621 2018 1688 2066 qui
1712 2027 1769 2054 est

462 2075 608 2116 2plicite1-
629 2079 850 2125 divisibilis,
896 2087 938 2114 ut
984 2087 1093 2126 patet
1139 2090 1182 2114 ex
1229 2077 1345 2113 dictis
1390 2078 1437 2113 de
1490 2089 1686 2113 concursu
1733 2085 1770 2111 et

463 2137 839 2174 communicacione
871 2136 1083 2180 linearum,
1129 2145 1166 2172 et
1197 2137 1245 2171 de
1279 2134 1572 2183 quantitatibus
1606 2134 1801 2182 angulo-T

463 2209 563 2231 rum.
612 2197 725 2231 Unde
771 2197 819 2231 ad
865 2207 1025 2231 omnem
1072 2201 1266 2241 punctum
1314 2191 1453 2229 mundi
1501 2201 1557 2229 est
1602 2192 1770 2239 angulus

463 2266 711 2301 componens
743 2253 880 2297 alium,
916 2261 952 2288 et
985 2261 1120 2288 tamen
1152 2251 1284 2286 nullus
1330 2251 1500 2298 angulus
1544 2249 1771 2287 extenditur

463 2324 532 2359 per
565 2320 694 2347 totum
729 2309 1048 2357 mundum,quia
1072 2322 1151 2345 non
1185 2317 1241 2345 est
1275 2309 1369 2345 dare
1403 2310 1535 2344 basem
1571 2317 1639 2344 aut
1673 2307 1770 2355 figu-

466 2382 550 2405 ram
588 2373 643 2404 2¹¹¹
681 2368 832 2416 aliquid
878 2370 927 2403 ab
973 2380 1018 2403 eo
1066 2367 1252 2410 distante,
1298 2375 1481 2414 respectu
1527 2365 1638 2402 cuius
1671 2365 1772 2401 foret

465 2427 644 2474 angulus.
693 2428 769 2462 Sed
810 2425 911 2461 sicut
956 2425 1119 2473 quidam
1154 2433 1298 2461 vocant
1347 2423 1567 2472 quamlibet
1601 2423 1770 2471 figuram

465 2484 785 2533 quadrangulam
819 2483 980 2528 lineam,
1015 2483 1071 2519 sic
1106 2482 1374 2519 communiter
1411 2490 1602 2518 vocarent
1634 2493 1774 2529 quam-

466 2543 561 2579 libet
585 2551 784 2578 extensam
820 2541 1068 2589 posicionem
1095 2541 1218 2588 figure
1243 2542 1292 2576 ad
1316 2553 1461 2576 conum
1487 2539 1772 2575 terminantem

468 2609 504 2636 et
537 2599 642 2636 circa
676 2602 810 2636 basem
845 2599 940 2644 eius,
976 2599 1180 2646 angulum.
1216 2599 1292 2634 Sed
1326 2597 1399 2634 ista
1433 2596 1556 2634 tercia
1589 2595 1773 2644 wulgaris

467 2657 713 2706 significacio
747 2656 1012 2693 terminorum
1047 2666 1104 2692 est
1138 2665 1244 2692 extra
1276 2655 1529 2692 locucionem
1554 2666 1772 2701 congruam

1779 990 1817 1010 [O

1782 1269 1817 1300 15

468 2715 676 2763 geometri.
712 2717 764 2750 Ex
798 2714 1098 2762 composicione
1132 2726 1223 2761 ergo
1257 2713 1390 2761 anguli
1428 2712 1532 2749 mole
1566 2711 1699 2760 magni
1732 2723 1774 2747 ex
1789 2731 1833 2761 40

543 2908 596 2941 36.
625 2908 780 2949 Perhaps
816 2909 946 2939 lineam
983 2908 1010 2938 is
1036 2917 1054 2938 a
1083 2906 1227 2937 mistake
1254 2906 1309 2937 for
1334 2905 1562 2948 quadratam,
1601 2915 1643 2935 or
1679 2915 1778 2936 some

472 2955 574 2986 other
601 2954 684 2986 sucli
712 2954 824 2985 word.
