<?xml version="1.0" encoding="UTF-8"?>
<!DOCTYPE html PUBLIC "-//W3C//DTD XHTML 1.0 Transitional//EN"
    "http://www.w3.org/TR/xhtml1/DTD/xhtml1-transitional.dtd">
<html xmlns="http://www.w3.org/1999/xhtml" xml:lang="en" lang="en">
 <head>
  <title>
</title>
<meta http-equiv="Content-Type" content="text/html;charset=utf-8" />
  <meta name='ocr-system' content='tesseract 3.04.00' />
  <meta name='ocr-capabilities' content='ocr_page ocr_carea ocr_par ocr_line ocrx_word'/>
</head>
<body>
  <div class='ocr_page' id='page_1' title='image "./johanniswycliftr1403wycl/johanniswycliftr1403wycl_0192.png"; bbox 0 0 1996 3322; ppageno 0'>
   <div class='ocr_carea' id='block_1_1' title="bbox 163 281 239 318">
    <p class='ocr_par' dir='ltr' id='par_1_1' title="bbox 163 281 239 318">
     <span class='ocr_line' id='line_1_1' title="bbox 163 281 239 318; baseline 0 -11"><span class='ocrx_word' id='word_1_1' title='bbox 163 281 239 318; x_wconf 80' lang='lat'>150</span> 
     </span>
    </p>
   </div>
   <div class='ocr_carea' id='block_1_2' title="bbox 163 428 423 741">
    <p class='ocr_par' dir='ltr' id='par_1_2' title="bbox 163 428 423 741">
     <span class='ocr_line' id='line_1_2' title="bbox 186 428 387 463; baseline -0.005 -8"><span class='ocrx_word' id='word_1_2' title='bbox 186 429 224 463; x_wconf 75' lang='lat' dir='ltr'>by</span> <span class='ocrx_word' id='word_1_3' title='bbox 246 428 387 461; x_wconf 61' lang='lat' dir='ltr'>bringing</span> 
     </span>
     <span class='ocr_line' id='line_1_3' title="bbox 222 464 359 489; baseline 0 0"><span class='ocrx_word' id='word_1_4' title='bbox 222 464 250 489; x_wconf 87' lang='lat' dir='ltr'>in</span> <span class='ocrx_word' id='word_1_5' title='bbox 273 464 359 489; x_wconf 65' lang='lat' dir='ltr'>other</span> 
     </span>
     <span class='ocr_line' id='line_1_4' title="bbox 192 498 394 525; baseline -0.005 0"><span class='ocrx_word' id='word_1_6' title='bbox 192 499 244 525; x_wconf 78' lang='lat' dir='ltr'>but</span> <span class='ocrx_word' id='word_1_7' title='bbox 266 498 394 524; x_wconf 70' lang='lat' dir='ltr'>similini*</span> 
     </span>
     <span class='ocr_line' id='line_1_5' title="bbox 203 533 385 560; baseline -0.011 0"><span class='ocrx_word' id='word_1_8' title='bbox 203 533 385 560; x_wconf 67' lang='lat' dir='ltr'>confusions</span> 
     </span>
     <span class='ocr_line' id='line_1_6' title="bbox 230 568 364 594; baseline -0.007 0"><span class='ocrx_word' id='word_1_9' title='bbox 230 568 364 594; x_wconf 76' lang='lat' dir='ltr'>between</span> 
     </span>
     <span class='ocr_line' id='line_1_7' title="bbox 163 602 423 629; baseline -0.004 0"><span class='ocrx_word' id='word_1_10' title='bbox 163 603 342 629; x_wconf 79' lang='lat' dir='ltr'>substantia!</span> <span class='ocrx_word' id='word_1_11' title='bbox 365 602 423 628; x_wconf 85' lang='lat' dir='ltr'>and</span> 
     </span>
     <span class='ocr_line' id='line_1_8' title="bbox 210 638 377 664; baseline -0.006 0"><span class='ocrx_word' id='word_1_12' title='bbox 210 638 377 664; x_wconf 78' lang='lat' dir='ltr'>accidental</span> 
     </span>
     <span class='ocr_line' id='line_1_9' title="bbox 238 677 342 699; baseline -0.019 0"><span class='ocrx_word' id='word_1_13' title='bbox 238 677 342 699; x_wconf 79' lang='lat' dir='ltr'>terms.</span> 
     </span>
     <span class='ocr_line' id='line_1_10' title="bbox 201 706 377 741; baseline 0 -8"><span class='ocrx_word' id='word_1_14' title='bbox 201 706 377 741; x_wconf 76' lang='lat' dir='ltr'>Examples.</span> 
     </span>
    </p>
   </div>
   <div class='ocr_carea' id='block_1_3' title="bbox 184 2537 431 2675">
    <p class='ocr_par' dir='ltr' id='par_1_3' title="bbox 184 2537 431 2675">
     <span class='ocr_line' id='line_1_11' title="bbox 210 2537 406 2564; baseline 0 0"><span class='ocrx_word' id='word_1_15' title='bbox 210 2538 241 2564; x_wconf 85' lang='lat' dir='ltr'>ln</span> <span class='ocrx_word' id='word_1_16' title='bbox 264 2538 301 2564; x_wconf 80' lang='lat' dir='ltr'>all</span> <span class='ocrx_word' id='word_1_17' title='bbox 322 2537 406 2564; x_wconf 79' lang='lat' dir='ltr'>these</span> 
     </span>
     <span class='ocr_line' id='line_1_12' title="bbox 184 2572 431 2599; baseline -0.004 0"><span class='ocrx_word' id='word_1_18' title='bbox 184 2580 269 2599; x_wconf 83' lang='lat' dir='ltr'>cases</span> <span class='ocrx_word' id='word_1_19' title='bbox 290 2581 335 2599; x_wconf 85' lang='lat' dir='ltr'>we</span> <span class='ocrx_word' id='word_1_20' title='bbox 356 2572 431 2599; x_wconf 84' lang='lat' dir='ltr'>have</span> 
     </span>
     <span class='ocr_line' id='line_1_13' title="bbox 203 2606 405 2640; baseline 0 -7"><span class='ocrx_word' id='word_1_21' title='bbox 203 2608 252 2634; x_wconf 84' lang='lat' dir='ltr'>the</span> <span class='ocrx_word' id='word_1_22' title='bbox 263 2606 405 2640; x_wconf 75' lang='lat' dir='ltr'>fallacia</span> 
     </span>
     <span class='ocr_line' id='line_1_14' title="bbox 213 2642 389 2675; baseline -0.011 -6"><span class='ocrx_word' id='word_1_23' title='bbox 213 2642 389 2675; x_wconf 80' lang='lat' dir='ltr'>accidentis,</span> 
     </span>
    </p>
   </div>
   <div class='ocr_carea' id='block_1_4' title="bbox 884 278 1756 310">
    <p class='ocr_par' dir='ltr' id='par_1_4' title="bbox 884 278 1756 310">
     <span class='ocr_line' id='line_1_15' title="bbox 884 278 1756 310; baseline -0.005 0"><span class='ocrx_word' id='word_1_24' title='bbox 884 280 1107 310; x_wconf 75' lang='lat' dir='ltr'>JOHANNIS</span> <span class='ocrx_word' id='word_1_25' title='bbox 1135 280 1319 310; x_wconf 71' lang='lat' dir='ltr'>WYCLIF</span> <span class='ocrx_word' id='word_1_26' title='bbox 1611 278 1698 307; x_wconf 85' lang='lat' dir='ltr'>CAP.</span> <span class='ocrx_word' id='word_1_27' title='bbox 1720 281 1756 308; x_wconf 82' lang='lat' dir='ltr'>X.</span> 
     </span>
    </p>
   </div>
   <div class='ocr_carea' id='block_1_5' title="bbox 445 385 1765 2060">
    <p class='ocr_par' dir='ltr' id='par_1_5' title="bbox 445 385 1765 2060">
     <span class='ocr_line' id='line_1_16' title="bbox 446 385 1759 435; baseline 0.002 -15"><span class='ocrx_word' id='word_1_28' title='bbox 446 385 645 421; x_wconf 76' lang='lat' dir='ltr'>inlinitum</span> <span class='ocrx_word' id='word_1_29' title='bbox 681 386 898 432; x_wconf 75' lang='lat' dir='ltr'><strong>procedere</strong></span> <span class='ocrx_word' id='word_1_30' title='bbox 922 385 1243 432; x_wconf 83' lang='lat' dir='ltr'>sophisticando:</span> <span class='ocrx_word' id='word_1_31' title='bbox 1279 395 1319 421; x_wconf 88' lang='lat' dir='ltr'>ut</span> <span class='ocrx_word' id='word_1_32' title='bbox 1344 387 1543 422; x_wconf 81' lang='lat' dir='ltr'>infinitum</span> <span class='ocrx_word' id='word_1_33' title='bbox 1572 401 1759 435; x_wconf 74' lang='lat' dir='ltr'>magnum</span> 
     </span>
     <span class='ocr_line' id='line_1_17' title="bbox 445 442 1762 492; baseline 0.003 -14"><span class='ocrx_word' id='word_1_34' title='bbox 445 443 623 491; x_wconf 75' lang='lat' dir='ltr'>spacium</span> <span class='ocrx_word' id='word_1_35' title='bbox 660 442 698 478; x_wconf 86' lang='lat' dir='ltr'>in</span> <span class='ocrx_word' id='word_1_36' title='bbox 731 442 805 478; x_wconf 87' lang='lat' dir='ltr'>ista</span> <span class='ocrx_word' id='word_1_37' title='bbox 840 444 937 479; x_wconf 86' lang='lat' dir='ltr'>hora</span> <span class='ocrx_word' id='word_1_38' title='bbox 970 443 1103 479; x_wconf 87' lang='lat' dir='ltr'>futura</span> <span class='ocrx_word' id='word_1_39' title='bbox 1137 443 1210 479; x_wconf 86' lang='lat' dir='ltr'>erit</span> <span class='ocrx_word' id='word_1_40' title='bbox 1244 444 1530 491; x_wconf 85' lang='lat' dir='ltr'>pertransitum</span> <span class='ocrx_word' id='word_1_41' title='bbox 1568 459 1588 481; x_wconf 83' lang='lat' dir='ltr'>a</span> <span class='ocrx_word' id='word_1_42' title='bbox 1625 447 1762 492; x_wconf 79' lang='lat' dir='ltr'>Sorte3</span> 
     </span>
     <span class='ocr_line' id='line_1_18' title="bbox 446 500 1763 549; baseline 0.003 -13"><span class='ocrx_word' id='word_1_43' title='bbox 446 502 553 549; x_wconf 88' lang='lat' dir='ltr'>quod</span> <span class='ocrx_word' id='word_1_44' title='bbox 593 500 771 549; x_wconf 80' lang='lat' dir='ltr'>spacium</span> <span class='ocrx_word' id='word_1_45' title='bbox 814 504 870 537; x_wconf 67' lang='lat'>2¹¹³</span> <span class='ocrx_word' id='word_1_46' title='bbox 911 510 1039 537; x_wconf 86' lang='lat' dir='ltr'>totum</span> <span class='ocrx_word' id='word_1_47' title='bbox 1081 501 1303 538; x_wconf 80' lang='lat' dir='ltr'>formaliter</span> <span class='ocrx_word' id='word_1_48' title='bbox 1345 502 1384 538; x_wconf 85' lang='lat' dir='ltr'>in</span> <span class='ocrx_word' id='word_1_49' title='bbox 1418 504 1555 539; x_wconf 84' lang='lat' dir='ltr'>eadem</span> <span class='ocrx_word' id='word_1_50' title='bbox 1595 504 1692 540; x_wconf 87' lang='lat' dir='ltr'>hora</span> <span class='ocrx_word' id='word_1_51' title='bbox 1726 513 1763 540; x_wconf 87' lang='lat' dir='ltr'>et</span> 
     </span>
     <span class='ocr_line' id='line_1_19' title="bbox 447 558 1763 608; baseline 0.002 -13"><span class='ocrx_word' id='word_1_52' title='bbox 447 558 626 595; x_wconf 80' lang='lat' dir='ltr'><strong>neutrius</strong></span> <span class='ocrx_word' id='word_1_53' title='bbox 659 558 840 607; x_wconf 77' lang='lat' dir='ltr'>spacium</span> <span class='ocrx_word' id='word_1_54' title='bbox 876 568 1168 607; x_wconf 83' lang='lat' dir='ltr'>corrumpetur,</span> <span class='ocrx_word' id='word_1_55' title='bbox 1210 572 1282 596; x_wconf 86' lang='lat' dir='ltr'>nec</span> <span class='ocrx_word' id='word_1_56' title='bbox 1321 561 1420 597; x_wconf 87' lang='lat' dir='ltr'>alter</span> <span class='ocrx_word' id='word_1_57' title='bbox 1452 561 1685 608; x_wconf 85' lang='lat' dir='ltr'>retrocedit;</span> <span class='ocrx_word' id='word_1_58' title='bbox 1728 571 1763 598; x_wconf 91' lang='lat' dir='ltr'>et</span> 
     </span>
     <span class='ocr_line' id='line_1_20' title="bbox 446 616 1762 665; baseline 0.003 -13"><span class='ocrx_word' id='word_1_59' title='bbox 446 626 595 663; x_wconf 83' lang='lat' dir='ltr'>tamen,</span> <span class='ocrx_word' id='word_1_60' title='bbox 644 616 683 652; x_wconf 91' lang='lat' dir='ltr'>in</span> <span class='ocrx_word' id='word_1_61' title='bbox 729 629 969 665; x_wconf 87' lang='lat' dir='ltr'>quacunque</span> <span class='ocrx_word' id='word_1_62' title='bbox 1015 617 1283 665; x_wconf 79' lang='lat' dir='ltr'>proposcione</span> <span class='ocrx_word' id='word_1_63' title='bbox 1327 619 1513 665; x_wconf 72' lang='lat' dir='ltr'>volueris,</span> <span class='ocrx_word' id='word_1_64' title='bbox 1566 620 1678 656; x_wconf 87' lang='lat' dir='ltr'>Plato</span> <span class='ocrx_word' id='word_1_65' title='bbox 1723 620 1762 656; x_wconf 90' lang='lat' dir='ltr'>in</span> 
     </span>
     <span class='ocr_line' id='line_1_21' title="bbox 448 675 1763 726; baseline 0.002 -15"><span class='ocrx_word' id='word_1_66' title='bbox 448 676 586 711; x_wconf 87' lang='lat' dir='ltr'>eadem</span> <span class='ocrx_word' id='word_1_67' title='bbox 623 675 720 711; x_wconf 88' lang='lat' dir='ltr'>hora</span> <span class='ocrx_word' id='word_1_68' title='bbox 756 678 980 711; x_wconf 78' lang='lat' dir='ltr'>movebitur</span> <span class='ocrx_word' id='word_1_69' title='bbox 1012 677 1186 711; x_wconf 86' lang='lat' dir='ltr'>velocius</span> <span class='ocrx_word' id='word_1_70' title='bbox 1219 678 1348 712; x_wconf 87' lang='lat' dir='ltr'>Sorte.</span> <span class='ocrx_word' id='word_1_71' title='bbox 1383 678 1527 713; x_wconf 84' lang='lat' dir='ltr'>Ymmo</span> <span class='ocrx_word' id='word_1_72' title='bbox 1561 690 1641 714; x_wconf 91' lang='lat' dir='ltr'>non</span> <span class='ocrx_word' id='word_1_73' title='bbox 1675 679 1763 726; x_wconf 90' lang='lat' dir='ltr'>plus</span> 
     </span>
     <span class='ocr_line' id='line_1_22' title="bbox 447 732 1762 783; baseline 0.003 -15"><span class='ocrx_word' id='word_1_74' title='bbox 447 746 567 781; x_wconf 88' lang='lat' dir='ltr'>quam</span> <span class='ocrx_word' id='word_1_75' title='bbox 614 732 857 780; x_wconf 79' lang='lat' dir='ltr'>semipedale</span> <span class='ocrx_word' id='word_1_76' title='bbox 904 742 961 769; x_wconf 90' lang='lat' dir='ltr'>est</span> <span class='ocrx_word' id='word_1_77' title='bbox 1006 733 1293 780; x_wconf 89' lang='lat' dir='ltr'>pertransitum</span> <span class='ocrx_word' id='word_1_78' title='bbox 1340 747 1361 770; x_wconf 90' lang='lat' dir='ltr'>a</span> <span class='ocrx_word' id='word_1_79' title='bbox 1407 736 1536 779; x_wconf 85' lang='lat' dir='ltr'>Sorte,</span> <span class='ocrx_word' id='word_1_80' title='bbox 1582 736 1762 783; x_wconf 88' lang='lat' dir='ltr'>quamvis</span> 
     </span>
     <span class='ocr_line' id='line_1_23' title="bbox 447 790 1764 840; baseline 0.003 -14"><span class='ocrx_word' id='word_1_81' title='bbox 447 790 664 827; x_wconf 74' lang='lat' dir='ltr'>immediate</span> <span class='ocrx_word' id='word_1_82' title='bbox 708 799 797 838; x_wconf 91' lang='lat' dir='ltr'>post</span> <span class='ocrx_word' id='word_1_83' title='bbox 855 791 929 827; x_wconf 91' lang='lat' dir='ltr'>hoc</span> <span class='ocrx_word' id='word_1_84' title='bbox 986 790 1187 827; x_wconf 84' lang='lat' dir='ltr'>infinitum</span> <span class='ocrx_word' id='word_1_85' title='bbox 1234 804 1423 839; x_wconf 80' lang='lat' dir='ltr'>magnum</span> <span class='ocrx_word' id='word_1_86' title='bbox 1470 793 1650 840; x_wconf 77' lang='lat' dir='ltr'>spacium</span> <span class='ocrx_word' id='word_1_87' title='bbox 1692 794 1764 830; x_wconf 87' lang='lat' dir='ltr'>erit</span> 
     </span>
     <span class='ocr_line' id='line_1_24' title="bbox 447 848 1764 900; baseline 0.003 -16"><span class='ocrx_word' id='word_1_88' title='bbox 447 848 732 897; x_wconf 86' lang='lat' dir='ltr'>pertransitum</span> <span class='ocrx_word' id='word_1_89' title='bbox 779 849 827 884; x_wconf 90' lang='lat' dir='ltr'>ab</span> <span class='ocrx_word' id='word_1_90' title='bbox 873 848 961 894; x_wconf 85' lang='lat' dir='ltr'>illo;</span> <span class='ocrx_word' id='word_1_91' title='bbox 1009 857 1045 885; x_wconf 92' lang='lat' dir='ltr'>et</span> <span class='ocrx_word' id='word_1_92' title='bbox 1089 848 1145 885; x_wconf 87' lang='lat' dir='ltr'>sic</span> <span class='ocrx_word' id='word_1_93' title='bbox 1191 849 1318 886; x_wconf 90' lang='lat' dir='ltr'>maius</span> <span class='ocrx_word' id='word_1_94' title='bbox 1355 849 1535 898; x_wconf 80' lang='lat' dir='ltr'>spacium</span> <span class='ocrx_word' id='word_1_95' title='bbox 1571 851 1643 888; x_wconf 87' lang='lat' dir='ltr'>erit</span> <span class='ocrx_word' id='word_1_96' title='bbox 1677 865 1764 900; x_wconf 85' lang='lat' dir='ltr'>per-</span> 
     </span>
     <span class='ocr_line' id='line_1_25' title="bbox 447 905 1764 957; baseline 0.002 -14"><span class='ocrx_word' id='word_1_97' title='bbox 447 907 658 943; x_wconf 86' lang='lat' dir='ltr'>transitum</span> <span class='ocrx_word' id='word_1_98' title='bbox 684 907 732 943; x_wconf 87' lang='lat' dir='ltr'>ab</span> <span class='ocrx_word' id='word_1_99' title='bbox 756 905 824 943; x_wconf 91' lang='lat' dir='ltr'>illo</span> <span class='ocrx_word' id='word_1_100' title='bbox 849 919 968 954; x_wconf 87' lang='lat' dir='ltr'>quam</span> <span class='ocrx_word' id='word_1_101' title='bbox 999 907 1064 943; x_wconf 87' lang='lat' dir='ltr'>ille</span> <span class='ocrx_word' id='word_1_102' title='bbox 1089 907 1360 955; x_wconf 75' lang='lat' dir='ltr'>pertransibit,</span> <span class='ocrx_word' id='word_1_103' title='bbox 1396 917 1530 945; x_wconf 89' lang='lat' dir='ltr'>tamen</span> <span class='ocrx_word' id='word_1_104' title='bbox 1562 922 1642 946; x_wconf 90' lang='lat' dir='ltr'>non</span> <span class='ocrx_word' id='word_1_105' title='bbox 1676 911 1764 957; x_wconf 90' lang='lat' dir='ltr'>plus</span> 
     </span>
     <span class='ocr_line' id='line_1_26' title="bbox 447 963 1764 1015; baseline 0.002 -13"><span class='ocrx_word' id='word_1_106' title='bbox 447 965 579 1013; x_wconf 87' lang='lat' dir='ltr'>pedali</span> <span class='ocrx_word' id='word_1_107' title='bbox 624 963 896 1012; x_wconf 81' lang='lat' dir='ltr'>pertransibit.</span> <span class='ocrx_word' id='word_1_108' title='bbox 949 965 1000 1001; x_wconf 85' lang='lat' dir='ltr'>Et</span> <span class='ocrx_word' id='word_1_109' title='bbox 1038 965 1094 1002; x_wconf 90' lang='lat' dir='ltr'>sic</span> <span class='ocrx_word' id='word_1_110' title='bbox 1134 965 1173 1001; x_wconf 92' lang='lat' dir='ltr'>in</span> <span class='ocrx_word' id='word_1_111' title='bbox 1212 966 1411 1002; x_wconf 83' lang='lat' dir='ltr'>infinitum</span> <span class='ocrx_word' id='word_1_112' title='bbox 1455 980 1644 1015; x_wconf 80' lang='lat' dir='ltr'>magnum</span> <span class='ocrx_word' id='word_1_113' title='bbox 1692 968 1764 1004; x_wconf 90' lang='lat' dir='ltr'>fuit</span> 
     </span>
     <span class='ocr_line' id='line_1_27' title="bbox 447 1023 1765 1073; baseline 0.002 -14"><span class='ocrx_word' id='word_1_114' title='bbox 447 1024 601 1071; x_wconf 86' lang='lat' dir='ltr'>pedale⁷</span> <span class='ocrx_word' id='word_1_115' title='bbox 643 1031 679 1059; x_wconf 93' lang='lat' dir='ltr'>et</span> <span class='ocrx_word' id='word_1_116' title='bbox 713 1036 784 1070; x_wconf 89' lang='lat' dir='ltr'>per</span> <span class='ocrx_word' id='word_1_117' title='bbox 817 1035 1069 1071; x_wconf 89' lang='lat' dir='ltr'>consequens</span> <span class='ocrx_word' id='word_1_118' title='bbox 1101 1023 1225 1060; x_wconf 86' lang='lat' dir='ltr'>nichil</span> <span class='ocrx_word' id='word_1_119' title='bbox 1263 1024 1336 1061; x_wconf 91' lang='lat' dir='ltr'>fuit</span> <span class='ocrx_word' id='word_1_120' title='bbox 1376 1025 1504 1061; x_wconf 87' lang='lat' dir='ltr'>maius</span> <span class='ocrx_word' id='word_1_121' title='bbox 1538 1039 1658 1073; x_wconf 87' lang='lat' dir='ltr'>quam</span> <span class='ocrx_word' id='word_1_122' title='bbox 1693 1026 1765 1062; x_wconf 88' lang='lat' dir='ltr'>fuit</span> 
     </span>
     <span class='ocr_line' id='line_1_28' title="bbox 448 1080 1763 1130; baseline 0.005 -16"><span class='ocrx_word' id='word_1_123' title='bbox 448 1082 601 1129; x_wconf 78' lang='lat' dir='ltr'>pedale,</span> <span class='ocrx_word' id='word_1_124' title='bbox 648 1080 829 1129; x_wconf 84' lang='lat' dir='ltr'>quamvis</span> <span class='ocrx_word' id='word_1_125' title='bbox 875 1094 956 1117; x_wconf 90' lang='lat' dir='ltr'>non</span> <span class='ocrx_word' id='word_1_126' title='bbox 1002 1081 1129 1119; x_wconf 82' lang='lat' dir='ltr'>maius</span> <span class='ocrx_word' id='word_1_127' title='bbox 1178 1095 1297 1130; x_wconf 86' lang='lat' dir='ltr'>quam</span> <span class='ocrx_word' id='word_1_128' title='bbox 1351 1084 1491 1130; x_wconf 87' lang='lat' dir='ltr'>pedale</span> <span class='ocrx_word' id='word_1_129' title='bbox 1542 1083 1615 1120; x_wconf 88' lang='lat' dir='ltr'>fuit</span> <span class='ocrx_word' id='word_1_130' title='bbox 1665 1084 1763 1120; x_wconf 91' lang='lat' dir='ltr'>illud</span> 
     </span>
     <span class='ocr_line' id='line_1_29' title="bbox 449 1139 1764 1188; baseline 0.004 -15"><span class='ocrx_word' id='word_1_131' title='bbox 449 1140 602 1188; x_wconf 85' lang='lat' dir='ltr'>pedale,</span> <span class='ocrx_word' id='word_1_132' title='bbox 637 1152 727 1175; x_wconf 89' lang='lat' dir='ltr'>cum</span> <span class='ocrx_word' id='word_1_133' title='bbox 762 1139 891 1175; x_wconf 91' lang='lat' dir='ltr'>solum</span> <span class='ocrx_word' id='word_1_134' title='bbox 925 1139 966 1176; x_wconf 88' lang='lat' dir='ltr'>in</span> <span class='ocrx_word' id='word_1_135' title='bbox 1000 1139 1200 1176; x_wconf 81' lang='lat' dir='ltr'>infinitum</span> <span class='ocrx_word' id='word_1_136' title='bbox 1237 1153 1426 1188; x_wconf 83' lang='lat' dir='ltr'>magnum</span> <span class='ocrx_word' id='word_1_137' title='bbox 1467 1140 1539 1177; x_wconf 92' lang='lat' dir='ltr'>fuit</span> <span class='ocrx_word' id='word_1_138' title='bbox 1572 1141 1611 1178; x_wconf 92' lang='lat' dir='ltr'>in</span> <span class='ocrx_word' id='word_1_139' title='bbox 1644 1144 1672 1178; x_wconf 86' lang='lat' dir='ltr'>B</span> <span class='ocrx_word' id='word_1_140' title='bbox 1706 1142 1764 1178; x_wconf 91' lang='lat' dir='ltr'>in-</span> 
     </span>
     <span class='ocr_line' id='line_1_30' title="bbox 447 1197 1764 1247; baseline 0.002 -13"><span class='ocrx_word' id='word_1_141' title='bbox 447 1197 567 1234; x_wconf 84' lang='lat' dir='ltr'>stanti</span> <span class='ocrx_word' id='word_1_142' title='bbox 606 1197 646 1233; x_wconf 90' lang='lat' dir='ltr'>in</span> <span class='ocrx_word' id='word_1_143' title='bbox 685 1210 764 1245; x_wconf 90' lang='lat' dir='ltr'>quo</span> <span class='ocrx_word' id='word_1_144' title='bbox 805 1197 877 1233; x_wconf 89' lang='lat' dir='ltr'>fuit</span> <span class='ocrx_word' id='word_1_145' title='bbox 915 1198 1043 1233; x_wconf 86' lang='lat' dir='ltr'>solum</span> <span class='ocrx_word' id='word_1_146' title='bbox 1084 1199 1244 1246; x_wconf 71' lang='lat' dir='ltr'>pedale3</span> <span class='ocrx_word' id='word_1_147' title='bbox 1289 1198 1471 1247; x_wconf 87' lang='lat' dir='ltr'>quamvis</span> <span class='ocrx_word' id='word_1_148' title='bbox 1516 1212 1595 1235; x_wconf 89' lang='lat' dir='ltr'>non</span> <span class='ocrx_word' id='word_1_149' title='bbox 1635 1199 1764 1236; x_wconf 90' lang='lat' dir='ltr'>minus</span> 
     </span>
     <span class='ocr_line' id='line_1_31' title="bbox 449 1255 1765 1305; baseline 0.002 -13"><span class='ocrx_word' id='word_1_150' title='bbox 449 1255 687 1304; x_wconf 82' lang='lat' dir='ltr'>centipedali</span> <span class='ocrx_word' id='word_1_151' title='bbox 720 1268 914 1304; x_wconf 89' lang='lat' dir='ltr'>umquam</span> <span class='ocrx_word' id='word_1_152' title='bbox 949 1255 1035 1292; x_wconf 93' lang='lat' dir='ltr'>fuit.</span> <span class='ocrx_word' id='word_1_153' title='bbox 1068 1258 1212 1293; x_wconf 78' lang='lat' dir='ltr'>Ymmo</span> <span class='ocrx_word' id='word_1_154' title='bbox 1245 1265 1322 1293; x_wconf 88' lang='lat' dir='ltr'>stat</span> <span class='ocrx_word' id='word_1_155' title='bbox 1356 1258 1462 1305; x_wconf 92' lang='lat' dir='ltr'>quod</span> <span class='ocrx_word' id='word_1_156' title='bbox 1496 1257 1654 1294; x_wconf 85' lang='lat' dir='ltr'>infinita</span> <span class='ocrx_word' id='word_1_157' title='bbox 1677 1258 1765 1295; x_wconf 90' lang='lat' dir='ltr'>loca</span> 
     </span>
     <span class='ocr_line' id='line_1_32' title="bbox 449 1313 1762 1363; baseline 0.002 -14"><span class='ocrx_word' id='word_1_158' title='bbox 449 1315 711 1362; x_wconf 87' lang='lat' dir='ltr'>replebuntur</span> <span class='ocrx_word' id='word_1_159' title='bbox 742 1325 813 1361; x_wconf 86' lang='lat' dir='ltr'>per</span> <span class='ocrx_word' id='word_1_160' title='bbox 845 1313 965 1349; x_wconf 88' lang='lat' dir='ltr'>istum</span> <span class='ocrx_word' id='word_1_161' title='bbox 999 1314 1216 1361; x_wconf 80' lang='lat' dir='ltr'>hominem,</span> <span class='ocrx_word' id='word_1_162' title='bbox 1263 1315 1300 1351; x_wconf 92' lang='lat' dir='ltr'>in</span> <span class='ocrx_word' id='word_1_163' title='bbox 1336 1328 1507 1363; x_wconf 88' lang='lat' dir='ltr'>quorum</span> <span class='ocrx_word' id='word_1_164' title='bbox 1542 1316 1651 1352; x_wconf 89' lang='lat' dir='ltr'>nullo</span> <span class='ocrx_word' id='word_1_165' title='bbox 1684 1315 1762 1352; x_wconf 87' lang='lat' dir='ltr'>iam</span> 
     </span>
     <span class='ocr_line' id='line_1_33' title="bbox 450 1371 1763 1420; baseline 0.002 -12"><span class='ocrx_word' id='word_1_166' title='bbox 450 1381 507 1408; x_wconf 88' lang='lat' dir='ltr'>est</span> <span class='ocrx_word' id='word_1_167' title='bbox 550 1371 622 1408; x_wconf 90' lang='lat' dir='ltr'>iste</span> <span class='ocrx_word' id='word_1_168' title='bbox 666 1373 807 1416; x_wconf 82' lang='lat' dir='ltr'>homo3</span> <span class='ocrx_word' id='word_1_169' title='bbox 860 1373 928 1408; x_wconf 89' lang='lat' dir='ltr'>sed</span> <span class='ocrx_word' id='word_1_170' title='bbox 974 1372 1141 1420; x_wconf 85' lang='lat' dir='ltr'>quilibet</span> <span class='ocrx_word' id='word_1_171' title='bbox 1193 1373 1359 1409; x_wconf 89' lang='lat' dir='ltr'>istorum</span> <span class='ocrx_word' id='word_1_172' title='bbox 1411 1373 1532 1409; x_wconf 86' lang='lat' dir='ltr'>distat</span> <span class='ocrx_word' id='word_1_173' title='bbox 1584 1375 1631 1410; x_wconf 86' lang='lat' dir='ltr'>ab</span> <span class='ocrx_word' id='word_1_174' title='bbox 1688 1373 1763 1410; x_wconf 90' lang='lat' dir='ltr'>isto</span> 
     </span>
     <span class='ocr_line' id='line_1_34' title="bbox 449 1429 1761 1480; baseline 0.002 -15"><span class='ocrx_word' id='word_1_175' title='bbox 449 1429 626 1479; x_wconf 67' lang='lat' dir='ltr'>homine,</span> <span class='ocrx_word' id='word_1_176' title='bbox 662 1439 698 1466; x_wconf 94' lang='lat' dir='ltr'>et</span> <span class='ocrx_word' id='word_1_177' title='bbox 731 1438 867 1466; x_wconf 82' lang='lat' dir='ltr'>tamen</span> <span class='ocrx_word' id='word_1_178' title='bbox 899 1442 971 1466; x_wconf 87' lang='lat' dir='ltr'>nec</span> <span class='ocrx_word' id='word_1_179' title='bbox 1005 1430 1076 1467; x_wconf 87' lang='lat' dir='ltr'>iste</span> <span class='ocrx_word' id='word_1_180' title='bbox 1110 1432 1231 1467; x_wconf 84' lang='lat' dir='ltr'>homo</span> <span class='ocrx_word' id='word_1_181' title='bbox 1267 1431 1492 1467; x_wconf 88' lang='lat' dir='ltr'>movebitur</span> <span class='ocrx_word' id='word_1_182' title='bbox 1514 1433 1563 1468; x_wconf 85' lang='lat' dir='ltr'>ad</span> <span class='ocrx_word' id='word_1_183' title='bbox 1587 1431 1761 1480; x_wconf 87' lang='lat' dir='ltr'>aliquem</span> 
     </span>
     <span class='ocr_line' id='line_1_35' title="bbox 449 1488 1762 1537; baseline 0.002 -13"><span class='ocrx_word' id='word_1_184' title='bbox 449 1488 631 1533; x_wconf 82' lang='lat' dir='ltr'>istorum,</span> <span class='ocrx_word' id='word_1_185' title='bbox 665 1500 739 1524; x_wconf 91' lang='lat' dir='ltr'>nec</span> <span class='ocrx_word' id='word_1_186' title='bbox 763 1496 944 1534; x_wconf 79' lang='lat' dir='ltr'>econtra3</span> <span class='ocrx_word' id='word_1_187' title='bbox 978 1501 1052 1525; x_wconf 89' lang='lat' dir='ltr'>nec</span> <span class='ocrx_word' id='word_1_188' title='bbox 1085 1498 1142 1525; x_wconf 84' lang='lat' dir='ltr'>est</span> <span class='ocrx_word' id='word_1_189' title='bbox 1177 1489 1464 1537; x_wconf 89' lang='lat' dir='ltr'>multiplicacio</span> <span class='ocrx_word' id='word_1_190' title='bbox 1489 1489 1662 1526; x_wconf 87' lang='lat' dir='ltr'>illorum.</span> <span class='ocrx_word' id='word_1_191' title='bbox 1699 1492 1762 1535; x_wconf 89' lang='lat' dir='ltr'>Ut,</span> 
     </span>
     <span class='ocr_line' id='line_1_36' title="bbox 449 1546 1763 1596; baseline 0.002 -14"><span class='ocrx_word' id='word_1_192' title='bbox 449 1546 580 1595; x_wconf 86' lang='lat' dir='ltr'>posito</span> <span class='ocrx_word' id='word_1_193' title='bbox 626 1547 733 1594; x_wconf 89' lang='lat' dir='ltr'>quod</span> <span class='ocrx_word' id='word_1_194' title='bbox 778 1546 857 1582; x_wconf 92' lang='lat' dir='ltr'>sint</span> <span class='ocrx_word' id='word_1_195' title='bbox 900 1546 1045 1582; x_wconf 87' lang='lat' dir='ltr'>infiniti</span> <span class='ocrx_word' id='word_1_196' title='bbox 1091 1546 1273 1583; x_wconf 90' lang='lat' dir='ltr'>homines</span> <span class='ocrx_word' id='word_1_197' title='bbox 1318 1548 1537 1584; x_wconf 80' lang='lat' dir='ltr'>admodum</span> <span class='ocrx_word' id='word_1_198' title='bbox 1572 1561 1763 1596; x_wconf 81' lang='lat' dir='ltr'>corporee</span> 
     </span>
     <span class='ocr_line' id='line_1_37' title="bbox 449 1604 1763 1652; baseline 0.002 -12"><span class='ocrx_word' id='word_1_199' title='bbox 449 1604 646 1652; x_wconf 82' lang='lat' dir='ltr'>dispositi,</span> <span class='ocrx_word' id='word_1_200' title='bbox 693 1613 729 1640; x_wconf 90' lang='lat' dir='ltr'>et</span> <span class='ocrx_word' id='word_1_201' title='bbox 774 1605 883 1652; x_wconf 89' lang='lat' dir='ltr'>quod</span> <span class='ocrx_word' id='word_1_202' title='bbox 926 1606 1089 1641; x_wconf 86' lang='lat' dir='ltr'>verbum</span> <span class='ocrx_word' id='word_1_203' title='bbox 1137 1614 1314 1642; x_wconf 90' lang='lat' dir='ltr'>assumat</span> <span class='ocrx_word' id='word_1_204' title='bbox 1361 1605 1580 1642; x_wconf 88' lang='lat' dir='ltr'>successive</span> <span class='ocrx_word' id='word_1_205' title='bbox 1625 1619 1763 1643; x_wconf 88' lang='lat' dir='ltr'>omnes</span> 
     </span>
     <span class='ocr_line' id='line_1_38' title="bbox 449 1664 1764 1710; baseline 0.001 -11"><span class='ocrx_word' id='word_1_206' title='bbox 449 1672 612 1699; x_wconf 82' lang='lat' dir='ltr'>naturas</span> <span class='ocrx_word' id='word_1_207' title='bbox 656 1675 809 1709; x_wconf 78' lang='lat' dir='ltr'>eorum,</span> <span class='ocrx_word' id='word_1_208' title='bbox 854 1672 1127 1710; x_wconf 83' lang='lat' dir='ltr'>ypostestante</span> <span class='ocrx_word' id='word_1_209' title='bbox 1160 1672 1304 1699; x_wconf 87' lang='lat' dir='ltr'>natura</span> <span class='ocrx_word' id='word_1_210' title='bbox 1350 1664 1526 1700; x_wconf 88' lang='lat' dir='ltr'>humana</span> <span class='ocrx_word' id='word_1_211' title='bbox 1570 1664 1681 1700; x_wconf 86' lang='lat' dir='ltr'>unita</span> <span class='ocrx_word' id='word_1_212' title='bbox 1726 1664 1764 1700; x_wconf 89' lang='lat' dir='ltr'>in</span> 
     </span>
     <span class='ocr_line' id='line_1_39' title="bbox 451 1720 1762 1770; baseline 0.001 -13"><span class='ocrx_word' id='word_1_213' title='bbox 451 1721 535 1757; x_wconf 89' lang='lat' dir='ltr'>celo</span> <span class='ocrx_word' id='word_1_214' title='bbox 580 1733 661 1756; x_wconf 89' lang='lat' dir='ltr'>non</span> <span class='ocrx_word' id='word_1_215' title='bbox 706 1728 834 1767; x_wconf 75' lang='lat' dir='ltr'>mota3</span> <span class='ocrx_word' id='word_1_216' title='bbox 879 1720 1061 1769; x_wconf 87' lang='lat' dir='ltr'>sequitur</span> <span class='ocrx_word' id='word_1_217' title='bbox 1107 1720 1292 1758; x_wconf 88' lang='lat' dir='ltr'>similiter</span> <span class='ocrx_word' id='word_1_218' title='bbox 1337 1723 1383 1758; x_wconf 91' lang='lat' dir='ltr'>de</span> <span class='ocrx_word' id='word_1_219' title='bbox 1428 1721 1608 1770; x_wconf 87' lang='lat' dir='ltr'>possibili</span> <span class='ocrx_word' id='word_1_220' title='bbox 1656 1723 1762 1770; x_wconf 88' lang='lat' dir='ltr'>quod</span> 
     </span>
     <span class='ocr_line' id='line_1_40' title="bbox 451 1778 1764 1828; baseline 0.002 -14"><span class='ocrx_word' id='word_1_221' title='bbox 451 1780 559 1824; x_wconf 84' lang='lat' dir='ltr'>deus,</span> <span class='ocrx_word' id='word_1_222' title='bbox 606 1778 789 1815; x_wconf 88' lang='lat' dir='ltr'>faciendo</span> <span class='ocrx_word' id='word_1_223' title='bbox 823 1782 864 1827; x_wconf 66' lang='lat'>35</span> <span class='ocrx_word' id='word_1_224' title='bbox 898 1787 1055 1816; x_wconf 89' lang='lat' dir='ltr'>eternos</span> <span class='ocrx_word' id='word_1_225' title='bbox 1095 1779 1277 1815; x_wconf 84' lang='lat' dir='ltr'>homines</span> <span class='ocrx_word' id='word_1_226' title='bbox 1310 1779 1377 1828; x_wconf 91' lang='lat' dir='ltr'>qui</span> <span class='ocrx_word' id='word_1_227' title='bbox 1411 1789 1628 1827; x_wconf 90' lang='lat' dir='ltr'>potuerunt</span> <span class='ocrx_word' id='word_1_228' title='bbox 1666 1780 1764 1826; x_wconf 77' lang='lat' dir='ltr'>fieri,</span> 
     </span>
     <span class='ocr_line' id='line_1_41' title="bbox 450 1836 1765 1886; baseline 0.002 -14"><span class='ocrx_word' id='word_1_229' title='bbox 450 1846 608 1874; x_wconf 87' lang='lat' dir='ltr'>tantum</span> <span class='ocrx_word' id='word_1_230' title='bbox 634 1836 789 1884; x_wconf 86' lang='lat' dir='ltr'>perficit</span> <span class='ocrx_word' id='word_1_231' title='bbox 812 1848 935 1884; x_wconf 86' lang='lat' dir='ltr'>genus</span> <span class='ocrx_word' id='word_1_232' title='bbox 959 1838 1181 1873; x_wconf 88' lang='lat' dir='ltr'>humanum</span> <span class='ocrx_word' id='word_1_233' title='bbox 1207 1837 1317 1874; x_wconf 91' lang='lat' dir='ltr'>sicud</span> <span class='ocrx_word' id='word_1_234' title='bbox 1349 1847 1492 1885; x_wconf 87' lang='lat' dir='ltr'>potest,</span> <span class='ocrx_word' id='word_1_235' title='bbox 1526 1850 1599 1874; x_wconf 89' lang='lat' dir='ltr'>nec</span> <span class='ocrx_word' id='word_1_236' title='bbox 1632 1839 1765 1886; x_wconf 88' lang='lat' dir='ltr'>plures</span> 
     </span>
     <span class='ocr_line' id='line_1_42' title="bbox 452 1894 1765 1944; baseline 0.002 -14"><span class='ocrx_word' id='word_1_237' title='bbox 452 1894 634 1931; x_wconf 88' lang='lat' dir='ltr'>homines</span> <span class='ocrx_word' id='word_1_238' title='bbox 679 1907 799 1943; x_wconf 88' lang='lat' dir='ltr'>quam</span> <span class='ocrx_word' id='word_1_239' title='bbox 846 1894 934 1930; x_wconf 92' lang='lat' dir='ltr'>illos</span> <span class='ocrx_word' id='word_1_240' title='bbox 982 1900 1024 1944; x_wconf 64' lang='lat'>3³</span> <span class='ocrx_word' id='word_1_241' title='bbox 1065 1895 1195 1943; x_wconf 89' lang='lat' dir='ltr'>potuit</span> <span class='ocrx_word' id='word_1_242' title='bbox 1239 1895 1491 1943; x_wconf 85' lang='lat' dir='ltr'>produxisse:</span> <span class='ocrx_word' id='word_1_243' title='bbox 1539 1905 1593 1941; x_wconf 91' lang='lat' dir='ltr'>ut,</span> <span class='ocrx_word' id='word_1_244' title='bbox 1633 1896 1765 1944; x_wconf 88' lang='lat' dir='ltr'>posito</span> 
     </span>
     <span class='ocr_line' id='line_1_43' title="bbox 452 1952 1764 2002; baseline 0.002 -14"><span class='ocrx_word' id='word_1_245' title='bbox 452 1954 559 2001; x_wconf 86' lang='lat' dir='ltr'>quod</span> <span class='ocrx_word' id='word_1_246' title='bbox 585 1957 627 2002; x_wconf 65' lang='lat'>3⁵</span> <span class='ocrx_word' id='word_1_247' title='bbox 655 1965 825 2000; x_wconf 87' lang='lat' dir='ltr'>persone</span> <span class='ocrx_word' id='word_1_248' title='bbox 849 1952 980 1989; x_wconf 88' lang='lat' dir='ltr'>divine</span> <span class='ocrx_word' id='word_1_249' title='bbox 1014 1966 1175 1990; x_wconf 87' lang='lat' dir='ltr'>omnem</span> <span class='ocrx_word' id='word_1_250' title='bbox 1211 1954 1500 1990; x_wconf 83' lang='lat' dir='ltr'>humanitatem</span> <span class='ocrx_word' id='word_1_251' title='bbox 1535 1954 1764 2002; x_wconf 87' lang='lat' dir='ltr'>possibilem</span> 
     </span>
     <span class='ocr_line' id='line_1_44' title="bbox 452 2010 1765 2060; baseline 0.001 -13"><span class='ocrx_word' id='word_1_252' title='bbox 452 2020 657 2048; x_wconf 83' lang='lat' dir='ltr'>assumant</span> <span class='ocrx_word' id='word_1_253' title='bbox 705 2010 968 2059; x_wconf 85' lang='lat' dir='ltr'>yppostatice‚</span> <span class='ocrx_word' id='word_1_254' title='bbox 1022 2024 1097 2060; x_wconf 89' lang='lat' dir='ltr'>que</span> <span class='ocrx_word' id='word_1_255' title='bbox 1149 2020 1309 2048; x_wconf 83' lang='lat' dir='ltr'>maneat</span> <span class='ocrx_word' id='word_1_256' title='bbox 1362 2011 1590 2048; x_wconf 85' lang='lat' dir='ltr'>eternaliter</span> <span class='ocrx_word' id='word_1_257' title='bbox 1642 2012 1765 2050; x_wconf 89' lang='lat' dir='ltr'>unite.</span> 
     </span>
    </p>
   </div>
   <div class='ocr_carea' id='block_1_6' title="bbox 453 2068 1799 2118">
    <p class='ocr_par' dir='ltr' id='par_1_6' title="bbox 453 2068 1799 2118">
     <span class='ocr_line' id='line_1_45' title="bbox 453 2068 1799 2118; baseline 0 -12"><span class='ocrx_word' id='word_1_258' title='bbox 453 2068 604 2106; x_wconf 89' lang='lat' dir='ltr'>Ultima</span> <span class='ocrx_word' id='word_1_259' title='bbox 645 2069 843 2117; x_wconf 87' lang='lat' dir='ltr'>particula</span> <span class='ocrx_word' id='word_1_260' title='bbox 882 2077 992 2117; x_wconf 88' lang='lat' dir='ltr'>patet</span> <span class='ocrx_word' id='word_1_261' title='bbox 1031 2073 1089 2107; x_wconf 64' lang='lat'>2¹1¹</span> <span class='ocrx_word' id='word_1_262' title='bbox 1135 2082 1200 2106; x_wconf 90' lang='lat' dir='ltr'>eos</span> <span class='ocrx_word' id='word_1_263' title='bbox 1246 2069 1313 2118; x_wconf 91' lang='lat' dir='ltr'>qui</span> <span class='ocrx_word' id='word_1_264' title='bbox 1354 2078 1507 2118; x_wconf 88' lang='lat' dir='ltr'>ponunt</span> <span class='ocrx_word' id='word_1_265' title='bbox 1550 2082 1763 2118; x_wconf 89' lang='lat' dir='ltr'>personam</span> <span class='ocrx_word' id='word_1_266' title='bbox 1784 2079 1799 2110; x_wconf 69' lang='grc' dir='ltr'>ζ’</span> 
     </span>
    </p>
   </div>
   <div class='ocr_carea' id='block_1_7' title="bbox 452 2127 1768 2639">
    <p class='ocr_par' dir='ltr' id='par_1_7' title="bbox 452 2127 1768 2523">
     <span class='ocr_line' id='line_1_46' title="bbox 453 2127 1767 2175; baseline 0.001 -12"><span class='ocrx_word' id='word_1_267' title='bbox 453 2140 523 2175; x_wconf 87' lang='lat' dir='ltr'>per</span> <span class='ocrx_word' id='word_1_268' title='bbox 546 2127 767 2164; x_wconf 88' lang='lat' dir='ltr'>subiectum</span> <span class='ocrx_word' id='word_1_269' title='bbox 794 2127 878 2163; x_wconf 86' lang='lat' dir='ltr'>fieri</span> <span class='ocrx_word' id='word_1_270' title='bbox 898 2127 1094 2175; x_wconf 86' lang='lat' dir='ltr'>quotlibet</span> <span class='ocrx_word' id='word_1_271' title='bbox 1115 2127 1311 2173; x_wconf 84' lang='lat' dir='ltr'>homines,</span> <span class='ocrx_word' id='word_1_272' title='bbox 1337 2130 1577 2164; x_wconf 85' lang='lat' dir='ltr'>assumendo</span> <span class='ocrx_word' id='word_1_273' title='bbox 1593 2127 1767 2165; x_wconf 80' lang='lat' dir='ltr'>diversas</span> 
     </span>
     <span class='ocr_line' id='line_1_47' title="bbox 452 2184 1766 2234; baseline 0 -12"><span class='ocrx_word' id='word_1_274' title='bbox 452 2194 630 2222; x_wconf 86' lang='lat' dir='ltr'>naturas.</span> <span class='ocrx_word' id='word_1_275' title='bbox 685 2184 724 2222; x_wconf 82' lang='lat' dir='ltr'>Si</span> <span class='ocrx_word' id='word_1_276' title='bbox 773 2185 878 2221; x_wconf 88' lang='lat' dir='ltr'>enim</span> <span class='ocrx_word' id='word_1_277' title='bbox 924 2185 1131 2222; x_wconf 85' lang='lat' dir='ltr'>subtiliant</span> <span class='ocrx_word' id='word_1_278' title='bbox 1176 2185 1354 2234; x_wconf 89' lang='lat' dir='ltr'>quidam,</span> <span class='ocrx_word' id='word_1_279' title='bbox 1408 2187 1594 2234; x_wconf 90' lang='lat' dir='ltr'>ponendo</span> <span class='ocrx_word' id='word_1_280' title='bbox 1641 2199 1766 2222; x_wconf 89' lang='lat' dir='ltr'>unum</span> 
     </span>
     <span class='ocr_line' id='line_1_48' title="bbox 453 2243 1767 2290; baseline 0.001 -12"><span class='ocrx_word' id='word_1_281' title='bbox 453 2243 657 2279; x_wconf 88' lang='lat' dir='ltr'>hominem</span> <span class='ocrx_word' id='word_1_282' title='bbox 704 2255 821 2290; x_wconf 87' lang='lat' dir='ltr'>posse</span> <span class='ocrx_word' id='word_1_283' title='bbox 867 2255 949 2279; x_wconf 87' lang='lat' dir='ltr'>esse</span> <span class='ocrx_word' id='word_1_284' title='bbox 995 2243 1191 2289; x_wconf 79' lang='lat' dir='ltr'>infinitos3</span> <span class='ocrx_word' id='word_1_285' title='bbox 1239 2252 1275 2280; x_wconf 88' lang='lat' dir='ltr'>et</span> <span class='ocrx_word' id='word_1_286' title='bbox 1321 2243 1523 2280; x_wconf 87' lang='lat' dir='ltr'>contrarie</span> <span class='ocrx_word' id='word_1_287' title='bbox 1562 2244 1684 2280; x_wconf 88' lang='lat' dir='ltr'>homo</span> <span class='ocrx_word' id='word_1_288' title='bbox 1720 2245 1767 2280; x_wconf 86' lang='lat' dir='ltr'>de</span> 
     </span>
     <span class='ocr_line' id='line_1_49' title="bbox 454 2300 1767 2349; baseline 0.002 -13"><span class='ocrx_word' id='word_1_289' title='bbox 454 2300 633 2349; x_wconf 88' lang='lat' dir='ltr'>possibili</span> <span class='ocrx_word' id='word_1_290' title='bbox 678 2300 718 2336; x_wconf 88' lang='lat' dir='ltr'>in</span> <span class='ocrx_word' id='word_1_291' title='bbox 749 2302 782 2337; x_wconf 94' lang='lat' dir='ltr'><strong>A</strong></span> <span class='ocrx_word' id='word_1_292' title='bbox 814 2300 981 2337; x_wconf 88' lang='lat' dir='ltr'>instanti</span> <span class='ocrx_word' id='word_1_293' title='bbox 1027 2310 1083 2337; x_wconf 88' lang='lat' dir='ltr'>est</span> <span class='ocrx_word' id='word_1_294' title='bbox 1116 2301 1317 2337; x_wconf 82' lang='lat' dir='ltr'>infinitum</span> <span class='ocrx_word' id='word_1_295' title='bbox 1364 2301 1494 2338; x_wconf 88' lang='lat' dir='ltr'>minus</span> <span class='ocrx_word' id='word_1_296' title='bbox 1540 2314 1654 2337; x_wconf 89' lang='lat' dir='ltr'>carus</span> <span class='ocrx_word' id='word_1_297' title='bbox 1694 2303 1767 2338; x_wconf 91' lang='lat' dir='ltr'>deo</span> 
     </span>
     <span class='ocr_line' id='line_1_50' title="bbox 454 2358 1768 2407; baseline 0.001 -13"><span class='ocrx_word' id='word_1_298' title='bbox 454 2371 574 2406; x_wconf 82' lang='lat' dir='ltr'>quam</span> <span class='ocrx_word' id='word_1_299' title='bbox 622 2358 695 2394; x_wconf 90' lang='lat' dir='ltr'>erit</span> <span class='ocrx_word' id='word_1_300' title='bbox 740 2358 779 2394; x_wconf 90' lang='lat' dir='ltr'>in</span> <span class='ocrx_word' id='word_1_301' title='bbox 822 2359 863 2403; x_wconf 83' lang='grc' dir='ltr'>Β,</span> <span class='ocrx_word' id='word_1_302' title='bbox 909 2358 992 2394; x_wconf 88' lang='lat' dir='ltr'>sine</span> <span class='ocrx_word' id='word_1_303' title='bbox 1038 2360 1112 2395; x_wconf 87' lang='lat' dir='ltr'>hoc</span> <span class='ocrx_word' id='word_1_304' title='bbox 1145 2361 1253 2407; x_wconf 93' lang='lat' dir='ltr'>quod</span> <span class='ocrx_word' id='word_1_305' title='bbox 1287 2372 1463 2407; x_wconf 88' lang='lat' dir='ltr'>unquam</span> <span class='ocrx_word' id='word_1_306' title='bbox 1498 2359 1768 2396; x_wconf 87' lang='lat' dir='ltr'>demerebitur</span> 
     </span>
     <span class='ocr_line' id='line_1_51' title="bbox 454 2416 1768 2466; baseline 0.001 -14"><span class='ocrx_word' id='word_1_307' title='bbox 454 2417 514 2452; x_wconf 88' lang='lat' dir='ltr'>vel</span> <span class='ocrx_word' id='word_1_308' title='bbox 547 2416 709 2464; x_wconf 87' lang='lat' dir='ltr'>aliquod</span> <span class='ocrx_word' id='word_1_309' title='bbox 744 2416 919 2464; x_wconf 86' lang='lat' dir='ltr'>positum</span> <span class='ocrx_word' id='word_1_310' title='bbox 954 2417 1155 2464; x_wconf 85' lang='lat' dir='ltr'>deperdet.</span> <span class='ocrx_word' id='word_1_311' title='bbox 1190 2419 1237 2453; x_wconf 86' lang='lat' dir='ltr'>Et</span> <span class='ocrx_word' id='word_1_312' title='bbox 1269 2417 1325 2453; x_wconf 88' lang='lat' dir='ltr'>sic</span> <span class='ocrx_word' id='word_1_313' title='bbox 1358 2417 1462 2453; x_wconf 87' lang='lat' dir='ltr'>idem</span> <span class='ocrx_word' id='word_1_314' title='bbox 1494 2418 1615 2454; x_wconf 86' lang='lat' dir='ltr'>homo</span> <span class='ocrx_word' id='word_1_315' title='bbox 1639 2426 1768 2466; x_wconf 90' lang='lat' dir='ltr'>potest</span> 
     </span>
     <span class='ocr_line' id='line_1_52' title="bbox 456 2475 1607 2523; baseline 0.003 -14"><span class='ocrx_word' id='word_1_316' title='bbox 456 2487 538 2510; x_wconf 84' lang='lat' dir='ltr'>csse</span> <span class='ocrx_word' id='word_1_317' title='bbox 572 2483 684 2522; x_wconf 85' lang='lat' dir='ltr'>pater</span> <span class='ocrx_word' id='word_1_318' title='bbox 718 2483 755 2510; x_wconf 90' lang='lat' dir='ltr'>et</span> <span class='ocrx_word' id='word_1_319' title='bbox 790 2483 917 2510; x_wconf 88' lang='lat' dir='ltr'>mater</span> <span class='ocrx_word' id='word_1_320' title='bbox 949 2483 985 2510; x_wconf 90' lang='lat' dir='ltr'>et</span> <span class='ocrx_word' id='word_1_321' title='bbox 1019 2483 1103 2511; x_wconf 87' lang='lat' dir='ltr'>tota</span> <span class='ocrx_word' id='word_1_322' title='bbox 1138 2476 1344 2522; x_wconf 83' lang='lat' dir='ltr'>parentela</span> <span class='ocrx_word' id='word_1_323' title='bbox 1377 2475 1436 2511; x_wconf 90' lang='lat' dir='ltr'>sui</span> <span class='ocrx_word' id='word_1_324' title='bbox 1469 2475 1607 2523; x_wconf 80' lang='lat' dir='ltr'>ipsius.</span> 
     </span>
    </p>

    <p class='ocr_par' dir='ltr' id='par_1_8' title="bbox 457 2531 1767 2639">
     <span class='ocr_line' id='line_1_53' title="bbox 514 2531 1767 2581; baseline 0.002 -14"><span class='ocrx_word' id='word_1_325' title='bbox 514 2534 561 2567; x_wconf 89' lang='lat' dir='ltr'>Et</span> <span class='ocrx_word' id='word_1_326' title='bbox 600 2541 642 2568; x_wconf 88' lang='lat' dir='ltr'>ut</span> <span class='ocrx_word' id='word_1_327' title='bbox 682 2531 850 2568; x_wconf 88' lang='lat' dir='ltr'>breviter</span> <span class='ocrx_word' id='word_1_328' title='bbox 890 2532 1057 2578; x_wconf 80' lang='lat' dir='ltr'>dicatur,</span> <span class='ocrx_word' id='word_1_329' title='bbox 1099 2545 1188 2569; x_wconf 89' lang='lat' dir='ltr'>curn</span> <span class='ocrx_word' id='word_1_330' title='bbox 1228 2532 1359 2569; x_wconf 89' lang='lat' dir='ltr'>omnis</span> <span class='ocrx_word' id='word_1_331' title='bbox 1401 2532 1593 2569; x_wconf 87' lang='lat' dir='ltr'>terminus</span> <span class='ocrx_word' id='word_1_332' title='bbox 1627 2545 1696 2581; x_wconf 89' lang='lat' dir='ltr'>per</span> <span class='ocrx_word' id='word_1_333' title='bbox 1728 2545 1767 2569; x_wconf 87' lang='lat' dir='ltr'>se</span> 
     </span>
     <span class='ocr_line' id='line_1_54' title="bbox 457 2589 1766 2639; baseline -0.001 -13"><span class='ocrx_word' id='word_1_334' title='bbox 457 2589 497 2626; x_wconf 90' lang='lat' dir='ltr'>in</span> <span class='ocrx_word' id='word_1_335' title='bbox 536 2589 838 2638; x_wconf 86' lang='lat' dir='ltr'>predicamento</span> <span class='ocrx_word' id='word_1_336' title='bbox 878 2589 1067 2627; x_wconf 87' lang='lat' dir='ltr'>connotet</span> <span class='ocrx_word' id='word_1_337' title='bbox 1105 2590 1379 2638; x_wconf 83' lang='lat' dir='ltr'>negacionem,</span> <span class='ocrx_word' id='word_1_338' title='bbox 1420 2590 1475 2627; x_wconf 88' lang='lat' dir='ltr'>sic</span> <span class='ocrx_word' id='word_1_339' title='bbox 1508 2592 1615 2639; x_wconf 90' lang='lat' dir='ltr'>quod</span> <span class='ocrx_word' id='word_1_340' title='bbox 1653 2603 1766 2626; x_wconf 90' lang='lat' dir='ltr'>suum</span> 
     </span>
    </p>
   </div>
   <div class='ocr_carea' id='block_1_8' title="bbox 458 2766 1768 2932">
    <p class='ocr_par' dir='ltr' id='par_1_9' title="bbox 458 2766 1768 2932">
     <span class='ocr_line' id='line_1_55' title="bbox 527 2766 1768 2810; baseline 0.002 -3"><span class='ocrx_word' id='word_1_341' title='bbox 527 2788 552 2807; x_wconf 77' lang='lat'>2.</span> <span class='ocrx_word' id='word_1_342' title='bbox 574 2781 650 2808; x_wconf 79' lang='lat' dir='ltr'>sutar</span> <span class='ocrx_word' id='word_1_343' title='bbox 675 2781 707 2808; x_wconf 85' lang='lat' dir='ltr'>B.</span> <span class='ocrx_word' id='word_1_344' title='bbox 815 2780 839 2809; x_wconf 87' lang='lat'>3.</span> <span class='ocrx_word' id='word_1_345' title='bbox 862 2766 910 2808; x_wconf 53' lang='lat' dir='ltr'>igr</span> <span class='ocrx_word' id='word_1_346' title='bbox 931 2781 963 2808; x_wconf 86' lang='lat' dir='ltr'>B.</span> <span class='ocrx_word' id='word_1_347' title='bbox 1071 2790 1118 2809; x_wconf 83' lang='lat'>20.</span> <span class='ocrx_word' id='word_1_348' title='bbox 1142 2772 1224 2810; x_wconf 57' lang='lat' dir='ltr'>fimo</span> <span class='ocrx_word' id='word_1_349' title='bbox 1250 2789 1289 2809; x_wconf 88' lang='lat' dir='ltr'>or</span> <span class='ocrx_word' id='word_1_350' title='bbox 1309 2772 1389 2809; x_wconf 70' lang='lat' dir='ltr'>ffiltio</span> <span class='ocrx_word' id='word_1_351' title='bbox 1418 2781 1451 2809; x_wconf 88' lang='grc' dir='ltr'>Β.</span> <span class='ocrx_word' id='word_1_352' title='bbox 1566 2788 1605 2809; x_wconf 87' lang='lat'>21.</span> <span class='ocrx_word' id='word_1_353' title='bbox 1627 2789 1715 2809; x_wconf 84' lang='lat' dir='ltr'>coree</span> <span class='ocrx_word' id='word_1_354' title='bbox 1734 2781 1768 2809; x_wconf 89' lang='lat' dir='ltr'>B.</span> 
     </span>
     <span class='ocr_line' id='line_1_56' title="bbox 459 2827 1767 2874; baseline 0.002 -9"><span class='ocrx_word' id='word_1_355' title='bbox 459 2845 501 2865; x_wconf 82' lang='lat'>22.</span> <span class='ocrx_word' id='word_1_356' title='bbox 535 2827 686 2873; x_wconf 61' lang='lat' dir='ltr'>asnffirnat</span> <span class='ocrx_word' id='word_1_357' title='bbox 706 2838 739 2865; x_wconf 87' lang='lat' dir='ltr'>B.</span> <span class='ocrx_word' id='word_1_358' title='bbox 829 2845 875 2872; x_wconf 82' lang='lat'>29.</span> <span class='ocrx_word' id='word_1_359' title='bbox 904 2843 1042 2866; x_wconf 82' lang='lat' dir='ltr'>assumat</span> <span class='ocrx_word' id='word_1_360' title='bbox 1071 2839 1104 2866; x_wconf 83' lang='lat' dir='ltr'>B.</span> <span class='ocrx_word' id='word_1_361' title='bbox 1212 2838 1254 2867; x_wconf 80' lang='lat'>32.</span> <span class='ocrx_word' id='word_1_362' title='bbox 1280 2839 1403 2874; x_wconf 85' lang='lat' dir='ltr'>quidem</span> <span class='ocrx_word' id='word_1_363' title='bbox 1434 2838 1466 2865; x_wconf 91' lang='lat' dir='ltr'>B.</span> <span class='ocrx_word' id='word_1_364' title='bbox 1574 2837 1616 2866; x_wconf 87' lang='lat'>33.</span> <span class='ocrx_word' id='word_1_365' title='bbox 1645 2839 1710 2874; x_wconf 72' lang='lat' dir='ltr'>orie</span> <span class='ocrx_word' id='word_1_366' title='bbox 1735 2840 1767 2867; x_wconf 85' lang='lat' dir='ltr'>B.</span> 
     </span>
     <span class='ocr_line' id='line_1_57' title="bbox 458 2894 1502 2932; baseline 0.001 -10"><span class='ocrx_word' id='word_1_367' title='bbox 458 2894 498 2923; x_wconf 82' lang='lat'>35.</span> <span class='ocrx_word' id='word_1_368' title='bbox 519 2896 601 2931; x_wconf 83' lang='lat' dir='ltr'>quod</span> <span class='ocrx_word' id='word_1_369' title='bbox 623 2896 654 2924; x_wconf 86' lang='lat' dir='ltr'>B.</span> <span class='ocrx_word' id='word_1_370' title='bbox 745 2896 789 2925; x_wconf 81' lang='lat'>38.</span> <span class='ocrx_word' id='word_1_371' title='bbox 811 2897 923 2924; x_wconf 84' lang='lat' dir='ltr'>dicitur</span> <span class='ocrx_word' id='word_1_372' title='bbox 942 2897 979 2931; x_wconf 77' lang='lat'>133</span> <span class='ocrx_word' id='word_1_373' title='bbox 1001 2897 1041 2925; x_wconf 72' lang='lat' dir='ltr'>ib.</span> <span class='ocrx_word' id='word_1_374' title='bbox 1063 2905 1193 2932; x_wconf 81' lang='lat' dir='ltr'>persone</span> <span class='ocrx_word' id='word_1_375' title='bbox 1213 2897 1247 2932; x_wconf 82' lang='lat'>(?)</span> <span class='ocrx_word' id='word_1_376' title='bbox 1266 2905 1324 2932; x_wconf 84' lang='lat' dir='ltr'>pro</span> <span class='ocrx_word' id='word_1_377' title='bbox 1345 2905 1398 2932; x_wconf 81' lang='lat' dir='ltr'>per</span> <span class='ocrx_word' id='word_1_378' title='bbox 1419 2905 1450 2923; x_wconf 82' lang='lat' dir='ltr'>se</span> <span class='ocrx_word' id='word_1_379' title='bbox 1471 2896 1502 2923; x_wconf 89' lang='lat' dir='ltr'>B.</span> 
     </span>
    </p>
   </div>
   <div class='ocr_carea' id='block_1_9' title="bbox 1786 926 1822 946">
    <p class='ocr_par' dir='ltr' id='par_1_10' title="bbox 1786 926 1822 946">
     <span class='ocr_line' id='line_1_58' title="bbox 1786 926 1822 946; baseline -0.028 0"><span class='ocrx_word' id='word_1_380' title='bbox 1786 926 1822 946; x_wconf 79' lang='lat'>10</span> 
     </span>
    </p>
   </div>
   <div class='ocr_carea' id='block_1_10' title="bbox 1785 1207 1820 1238">
    <p class='ocr_par' dir='ltr' id='par_1_11' title="bbox 1785 1207 1820 1238">
     <span class='ocr_line' id='line_1_59' title="bbox 1785 1207 1820 1238; baseline 0.057 -2"><span class='ocrx_word' id='word_1_381' title='bbox 1785 1207 1820 1238; x_wconf 73' lang='lat'>15</span> 
     </span>
    </p>
   </div>
  </div>
 </body>
</html>
