1996 3322
129 298 182 336 (30

853 288 1077 321 JOHANNIS
1102 286 1288 318 WYCLIF
1565 281 1654 310 CAP.
1676 281 1725 308 lx.

417 400 570 436 nullum
606 407 801 446 punctum
836 396 1097 433 intrinsecum
1132 404 1226 431 tunc
1259 394 1333 430 fuit
1366 395 1515 431 Sortes,
1556 402 1593 428 et
1632 391 1726 428 resi-

418 460 541 493 duum
576 456 676 493 situs
701 455 856 500 mundi,
882 464 918 491 et
953 454 1149 490 maximus
1173 453 1271 489 situs
1297 453 1347 488 ad
1372 451 1483 488 cuius
1507 450 1726 499 quemlibet

418 524 612 564 punctum
647 514 908 550 intrinsecum
942 522 1037 548 tunc
1070 511 1142 547 fuit
1176 512 1322 547 Sortes.
1348 512 1396 545 Et
1419 509 1524 545 idem
1549 508 1728 557 sequitur

418 575 466 609 de
504 572 683 621 quolibet
735 570 964 620 parcialiter
1009 569 1171 614 situato‚
1217 581 1263 605 eo
1303 569 1410 616 quod
1450 567 1586 603 totalis
1630 566 1728 601 situs

421 630 560 666 mundi
624 630 847 677 integratur
915 641 957 664 ex
1021 629 1176 663 duobus
1239 626 1384 663 talibus
1451 624 1605 661 sitibus.
1682 625 1730 659 Et

420 697 529 737 patet
575 689 682 736 quod
730 697 860 723 motus
905 684 1033 722 Sortis
1075 685 1148 721 erit
1197 684 1384 720 continue
1430 693 1610 719 extensus
1658 694 1729 729 per

421 748 596 783 dandum
633 746 751 781 situm
787 744 1043 791 continuum3
1088 752 1125 779 et
1164 742 1218 778 sic
1251 754 1378 790 usque
1411 742 1461 777 ad
1494 741 1598 777 illius
1631 739 1729 775 situs

422 803 807 841 circumferenciam.
853 801 893 838 Si
940 814 1034 849 ergo
1074 800 1241 849 quilibet
1288 809 1459 847 punctus
1504 797 1730 835 extremalis

423 862 647 898 movebitur
672 862 835 909 quando
859 859 935 896 erit
967 858 1205 903 extremalis‚
1242 867 1277 894 et
1302 858 1432 893 solum
1465 856 1615 893 instans
1639 864 1730 892 ante

423 920 496 956 erit
529 919 767 964 extreinalis‚
799 927 895 954 tunc
929 926 1061 953 motus
1095 915 1474 953 circumferencialis
1514 914 1587 951 erit
1622 926 1729 949 com-

423 978 575 1026 positus
610 990 652 1013 ex
687 976 860 1012 motibus
893 974 1169 1011 instantaneis.
1204 976 1251 1010 Et
1285 974 1315 1009 si
1349 973 1516 1021 quilibet
1560 980 1731 1020 punctus

422 1036 512 1072 talis
547 1048 627 1071 non
662 1034 888 1071 movebitur
920 1034 1083 1081 quando
1117 1032 1191 1068 erit
1232 1030 1471 1076 extremalis,
1511 1039 1605 1066 tunc
1640 1042 1733 1065 con-

425 1094 535 1130 tinue
568 1094 616 1130 ad
652 1091 1025 1128 circumferenciam
1062 1090 1167 1126 illius
1200 1089 1298 1126 situs
1343 1089 1418 1126 erit
1461 1102 1542 1125 non
1586 1089 1732 1136 gradus

425 1161 570 1200 motus,
605 1163 647 1186 ex
681 1151 757 1186 hoc
791 1150 899 1198 quod
933 1149 1123 1185 continue
1157 1149 1207 1185 ad
1241 1157 1461 1184 extremum
1496 1149 1583 1192 Sor,
1625 1146 1733 1194 quod

423 1208 670 1246 velocissime
717 1216 960 1253 moveretur,
1006 1207 1080 1243 erit
1117 1219 1198 1242 non
1244 1208 1391 1253 gradus
1432 1214 1582 1241 motus:
1625 1204 1733 1252 quod

426 1276 526 1304 esset
551 1266 749 1312 mirabile,
783 1265 877 1314 quia
901 1274 996 1301 tunc
1029 1278 1111 1301 non
1145 1273 1247 1301 esset
1281 1266 1375 1300 dare
1398 1276 1518 1312 quam
1544 1261 1734 1299 velociter

426 1325 571 1361 mobile
604 1324 767 1372 aliquod
809 1332 1036 1360 moveretur
1078 1335 1152 1371 pro
1183 1322 1365 1371 quolibet
1397 1320 1562 1357 instanti
1595 1319 1735 1356 intrin-

425 1396 536 1429 seco3
570 1391 607 1419 et
622 1391 771 1427 tamen,
804 1383 897 1418 dato
931 1390 1058 1427 motu,
1093 1389 1252 1429 oportet
1285 1381 1381 1416 dare
1414 1378 1733 1427 magnitudinem

426 1441 508 1478 eius
542 1439 715 1487 mobilis,
749 1440 861 1476 sicud
894 1448 932 1475 et
965 1439 1293 1483 diuturnitatem3
1327 1447 1364 1474 et
1387 1450 1458 1486 per
1482 1448 1734 1485 consequens

426 1499 509 1536 eius
543 1498 812 1535 extensionem
845 1509 972 1545 usque
1006 1498 1056 1533 ad
1089 1498 1259 1533 eundern
1285 1496 1504 1532 terminum
1529 1493 1732 1539 inclusive,

426 1559 476 1594 ad
509 1569 628 1605 quem
662 1555 853 1592 inclusive
885 1553 1126 1592 terminatur
1160 1554 1242 1591 eius
1280 1553 1455 1603 primum
1496 1552 1733 1589 subiectum.

428 1617 475 1651 Et
519 1614 574 1651 sic
613 1614 770 1651 videtur
808 1614 917 1661 quod
961 1621 1044 1649 tam
1089 1612 1280 1649 velociter
1324 1611 1563 1648 diminuitur
1603 1618 1735 1646 motus

428 1686 507 1722 quo
541 1673 590 1709 ad
624 1672 785 1715 molem,
819 1671 930 1707 sicud
965 1680 1002 1707 et
1034 1670 1117 1707 eius
1150 1670 1388 1716 subiectum,
1423 1682 1513 1706 curn
1547 1668 1735 1705 continue

429 1730 503 1767 erit
548 1731 702 1778 precise
748 1742 820 1778 par
859 1742 930 1765 suo
970 1729 1171 1776 subiecto;
1219 1737 1256 1765 et
1290 1729 1429 1765 eadem
1463 1726 1735 1763 diminucione

429 1788 622 1825 divisione
663 1787 868 1824 minuetur
906 1795 1142 1835 utrumque;
1182 1787 1251 1823 sed
1289 1785 1511 1823 subiectum
1546 1784 1736 1821 inclusive

429 1860 451 1883 a
496 1848 621 1895 gradu
661 1845 950 1894 magnitudinis
990 1857 1116 1893 usque
1155 1846 1206 1881 ad
1244 1845 1413 1892 gradum
1449 1842 1736 1891 magnitudinis

429 1918 547 1953 quern
588 1903 750 1940 habebit
788 1912 896 1947 tunc,
937 1912 974 1940 et
1015 1912 1146 1939 motus
1185 1911 1416 1939 coextensus
1455 1900 1738 1946 terminabitur

429 1962 625 1999 inclusive
658 1963 708 1998 ad
742 1963 923 2007 eosdem3
970 1961 1064 2009 quia
1097 1961 1212 1997 aliter
1244 1961 1468 1997 subiectum
1502 1960 1738 2007 deperderet

432 2020 625 2057 maiorem
651 2019 985 2068 magnitudinem,
1021 2027 1057 2055 et
1080 2018 1237 2067 aquiret
1270 2018 1464 2055 maior‘em
1500 2016 1737 2065 parvitatem

430 2078 470 2114 in
502 2077 634 2126 equali
668 2086 849 2125 tempore
882 2090 1000 2124 quam
1041 2076 1189 2113 faceret
1233 2089 1325 2113 suus
1373 2085 1515 2112 motus.
1557 2077 1605 2111 Et
1642 2082 1738 2110 tunc

431 2149 511 2172 non
546 2144 647 2172 esset
681 2136 776 2171 dare
809 2147 929 2182 quam
963 2134 1141 2171 velocior
1185 2134 1477 2170 diminueretur
1509 2132 1573 2169 ille
1607 2140 1738 2168 motus

431 2195 491 2230 vel
535 2202 730 2242 quantum
771 2192 1030 2239 diminuetur,
1076 2193 1136 2228 vel
1175 2200 1370 2240 quantum
1412 2190 1592 2237 durabit3
1638 2189 1740 2226 sicut

431 2264 504 2288 nec
549 2260 605 2288 est
650 2252 744 2287 dare
788 2263 910 2298 quarn
951 2262 1118 2298 magnus
1161 2250 1220 2286 vel
1260 2262 1404 2298 parvus
1437 2249 1511 2285 erit
1542 2247 1738 2285 ultimate.

432 2312 481 2346 Et
525 2322 596 2357 per
635 2308 740 2344 idem
785 2321 865 2345 non
904 2316 1005 2344 esset
1046 2309 1142 2344 dare
1174 2316 1369 2356 quantum
1404 2308 1635 2343 extendetur
1667 2318 1740 2354 pro

433 2367 569 2415 aliquo
594 2366 781 2413 instanti3
816 2379 905 2402 cum
930 2375 1066 2402 tamen
1089 2374 1194 2402 totus
1217 2366 1314 2402 situs
1349 2365 1487 2401 mundi
1520 2364 1741 2412 integratur

435 2438 478 2461 ex
523 2424 600 2461 situ
645 2438 716 2473 per
762 2436 881 2472 quem
925 2436 1005 2460 non
1050 2432 1109 2460 est
1152 2423 1225 2459 iste
1271 2431 1416 2467 motus,
1461 2435 1630 2471 sequens
1683 2429 1740 2458 est

435 2482 638 2519 residuum
672 2482 770 2519 situs
803 2494 889 2518 esse
924 2481 1140 2518 maximum
1175 2481 1296 2517 situm
1330 2493 1400 2529 per
1433 2493 1550 2529 quem
1587 2488 1644 2517 est
1667 2479 1740 2515 iste

436 2549 580 2576 motus.
616 2542 664 2576 Et
696 2540 802 2576 idem
835 2548 1142 2587 argumentatur
1175 2540 1222 2575 de
1254 2539 1401 2575 futuro.

493 2600 540 2634 Et
573 2609 643 2646 per
675 2598 781 2634 idem
814 2597 1008 2646 sequitur,
1048 2597 1181 2645 posito
1215 2598 1322 2645 quod
1355 2598 1400 2640 A,
1433 2595 1534 2644 lapis
1557 2594 1742 2631 albedine

1752 924 1789 944 10

1753 1202 1789 1234 15

1751 1513 1792 1533 20

1755 2079 1797 2111 30

434 2657 675 2692 saturandus
699 2656 828 2692 solum
852 2656 1074 2691 secundum
1100 2663 1348 2701 contactum,
1383 2662 1591 2691 moveatur
1613 2664 1741 2700 usque
1755 2668 1800 2699 40

436 2714 483 2750 ad
531 2713 648 2749 finem
695 2713 799 2749 illius
845 2714 941 2748 hore
988 2713 1217 2759 extrinsece,
1270 2712 1308 2748 in
1356 2724 1436 2759 quo
1489 2710 1741 2760 anichiletur,

508 2890 547 2909 10.
568 2886 640 2909 tuuc
660 2882 715 2909 erit
738 2881 768 2908 Β.
813 2916 822 2919 Α
878 2889 916 2916 17.
944 2882 1026 2916 quod
1050 2889 1112 2916 pro
1139 2881 1262 2917 aliquod
1290 2881 1322 2908 13.
1430 2889 1472 2908 22.
1496 2880 1690 2907 divisibiliter
1712 2880 1743 2906 B.

437 2917 478 2944 25.
506 2917 623 2944 dumet*
649 2917 680 2943 Β.
789 2920 907 2951 20-27.
929 2924 1085 2951 a—quem
1109 2916 1192 2949 (sich
1216 2917 1247 2943 Β.
1355 2923 1476 2950 4οᾸ4ι.
1499 2915 1562 2942 albe
1589 2915 1647 2942 sa¹¹⁹
1667 2915 1701 2941 Β.
