1996 3322
162 262 214 299 88

170 386 233 411 that
254 393 303 412 are
323 384 427 411 varied

178 420 207 446 in
231 420 314 450 time,
336 420 384 446 sor
405 428 419 446 a

160 455 438 489 ¹girenlengtlimuy

179 490 215 516 be
235 489 338 516 traced
360 490 388 515 in
411 498 426 515 a

179 525 266 559 given
289 524 361 551 time
384 524 419 559 by

210 559 340 586 mobiles
361 559 395 585 ot*

227 594 373 628 inlinitely

234 629 362 664 varying

214 664 378 691 velocities.

173 1078 192 1102 ι.
216 1067 273 1096 &Vc
295 1077 349 1096 cau
371 1068 438 1103 give

206 1113 220 1130 a
241 1112 309 1131 case
330 1103 364 1129 of
382 1112 397 1129 a

178 1140 258 1174 body
278 1139 307 1165 in
329 1138 428 1164 which

199 1174 249 1200 tlic
271 1172 398 1199 swil'test

213 1208 297 1243 point
318 1208 392 1246 does

220 1248 271 1269 not
292 1246 380 1269 exist.

204 1590 233 1616 If
249 1598 263 1615 a
286 1597 354 1616 man
377 1588 402 1615 is

182 1625 309 1651 wliirled
333 1625 430 1651 round

231 1659 304 1686 with
326 1663 391 1685 oul-

170 1693 327 1720 stretclied
349 1702 444 1727 arms,

206 1729 264 1755 and
287 1736 302 1755 a
324 1728 409 1762 point

215 1763 401 1798 continually

200 1802 248 1825 cut
269 1798 313 1824 ost*
330 1797 409 1824 from

265 1833 352 1859 those

188 1867 386 1900 exn-emines,
407 1867 428 1894 it

194 1903 218 1928 is
240 1902 421 1937 impossible

238 1937 301 1963 that
322 1937 369 1963 his

219 1975 394 1998 movement

178 2006 287 2033 should
312 2006 346 2032 be
367 2008 437 2033 thus

219 2041 392 2068 mcasured.

170 2075 236 2102 The
258 2081 433 2102 movement

190 2110 293 2137 would
316 2114 368 2137 not
390 2111 424 2138 be

199 2145 360 2172 measured
384 2145 421 2180 by

205 2180 254 2206 tlte
275 2179 333 2206 line
353 2179 413 2213 just

216 2215 336 2241 outside
357 2215 406 2241 the

268 2249 360 2284 body,

224 2285 272 2310 for
293 2284 325 2317 (1)
345 2284 395 2310 the

181 2318 348 2354 adversat-y
368 2320 438 2345 who

209 2353 318 2388 replies
339 2353 411 2380 thus

175 2388 249 2414 does
272 2392 323 2414 not
344 2388 441 2415 admit

227 2431 242 2449 a
263 2422 385 2449 definite

218 2458 349 2484 number
369 2458 404 2484 of

258 2492 370 2526 points.

203 2526 240 2559 (2)
263 2526 311 2554 No
333 2527 418 2562 point

174 2569 227 2587 cau
251 2570 340 2588 move
355 2563 448 2589 fastor

200 2596 270 2622 tliun
294 2596 422 2623 another

183 2636 213 2658 to
234 2639 270 2658 an
293 2632 442 2666 infinitcly

202 2667 289 2694 small
312 2671 423 2693 extent.

894 273 1118 304 JOHANNIS
1145 273 1330 305 WYCLIF
1604 271 1693 299 CAP.
1714 271 1764 299 lx.

455 390 497 414 ex
543 379 618 414 hoc
664 379 771 426 quod
818 378 1014 427 contingit
1060 379 1236 416 infinitos
1282 392 1366 416 esse
1414 388 1545 416 motus
1590 381 1763 427 hor-ales,

454 449 626 484 quorum
673 436 839 485 quilibet
885 437 1085 474 describet
1117 437 1262 474 lineam
1297 450 1319 474 a
1352 438 1506 486 pedalis
1546 439 1763 486 adequate;

454 503 490 530 et
523 503 660 530 tamen
693 494 867 542 primum
903 508 986 531 esse
1019 495 1261 531 uniformem
1316 505 1358 532 ut
1404 497 1495 541 duo,
1543 497 1762 533 secundum

454 564 554 599 eque
570 552 768 588 intensum
787 554 955 600 gradum
981 562 1022 589 ut
1047 566 1084 602 4,
1120 563 1156 590 et
1180 553 1347 589 tercium
1373 556 1499 601 gradu
1523 563 1565 590 ut
1590 555 1632 597 8;
1658 554 1764 591 etsie

454 609 492 645 in
508 609 723 646 infinitum.
749 612 813 655 Ut,
838 611 970 658 posito
994 613 1101 659 quod
1126 611 1165 647 in
1181 611 1382 647 infinitum
1400 612 1581 648 intendat
1599 612 1798 660 aliquod&

453 667 621 704 istorum
656 681 772 704 suum
808 677 961 704 motum
997 681 1117 717 super
1150 669 1327 717 aliquam
1363 678 1520 718 partem
1554 683 1622 706 sue
1646 670 1764 716 linee,

452 727 650 762 tardando
684 726 839 762 diucius
872 739 991 774 super
1023 727 1243 775 reliquam3
1277 726 1381 763 sicut
1412 728 1622 776 loquentes
1656 741 1765 765 com-

453 783 628 820 muniter
661 784 701 820 in
733 784 809 820 ista
843 784 1011 821 materia
1036 785 1269 831 admittunt,
1296 794 1332 821 et
1357 785 1502 833 quibus
1526 788 1627 822 solet
1651 786 1763 835 queri

452 855 572 889 quam
617 841 807 879 velociter
855 852 1084 879 moveretur
1131 856 1276 891 corpus
1324 852 1479 880 motum
1513 844 1646 892 primo
1679 844 1765 880 uni-

452 899 635 936 formiter
667 901 793 947 gradu
827 909 869 936 ut
894 913 917 946 4
947 913 1019 948 pro
1054 900 1186 937 medio
1220 901 1384 937 instanti
1418 901 1521 938 inter
1554 902 1642 938 illos
1666 903 1766 938 duos
1789 916 1825 936 ιο

454 966 600 1004 motus,
635 967 671 994 et
705 971 825 1006 quam
869 958 1060 995 velociter
1105 959 1312 996 descendit
1356 972 1476 1007 grave
1515 959 1556 996 in
1589 959 1766 997 confinio

453 1014 557 1051 inter
590 1029 737 1064 aquam
773 1024 810 1052 et
843 1028 993 1053 aerem.

512 1073 718 1119 Similiter,
765 1073 917 1122 aliquid
952 1073 1147 1122 contingit
1182 1087 1342 1111 movere
1375 1087 1446 1123 per
1478 1083 1639 1124 tempus
1674 1088 1767 1112 con-

454 1130 576 1175 tinue,
619 1131 657 1167 in
703 1145 782 1180 quo
821 1145 902 1168 non
941 1141 999 1168 est
1039 1133 1133 1168 dare
1166 1141 1359 1180 punctum
1401 1133 1484 1169 eius
1517 1133 1768 1170 velocissime

455 1198 623 1226 motum.
673 1192 774 1237 Ergo
821 1190 957 1238 regula
1004 1203 1086 1226 non
1126 1200 1183 1227 est
1226 1191 1436 1241 generali5‚
1482 1205 1573 1227 cum
1619 1196 1824 1237 tamen,15

454 1246 625 1283 dicendo
658 1248 713 1283 sic
746 1249 884 1295 regula
916 1248 1127 1296 generalis,
1175 1261 1221 1285 eo
1255 1250 1363 1297 quod
1397 1258 1530 1285 motus
1564 1249 1768 1286 difformes

454 1318 533 1352 quo
567 1306 617 1341 ad
651 1314 808 1353 tempus
842 1315 934 1342 sunt
967 1306 1136 1342 univoce
1168 1307 1324 1343 veloces
1359 1319 1448 1342 cum
1486 1307 1659 1344 motibus
1682 1307 1769 1344 uni—

455 1362 650 1399 formibus
683 1376 763 1412 quo
797 1365 847 1400 ad
879 1373 1051 1412 tempus,
1085 1364 1187 1401 sicut
1211 1373 1302 1401 sunt
1325 1364 1495 1402 univoce
1520 1374 1652 1401 motus
1677 1378 1766 1402 cum

456 1420 546 1456 illis.
581 1423 685 1469 Ergo
719 1421 891 1458 dicenda
936 1431 993 1458 est
1033 1422 1109 1458 illis
1149 1422 1258 1459 racio
1299 1424 1453 1459 eadem.
1505 1425 1766 1472 Assumptum

456 1478 573 1515 huius
606 1479 831 1527 argumenti
872 1480 973 1516 foret
1014 1479 1174 1517 evidens
1214 1480 1269 1516 illi
1303 1480 1370 1529 qui
1404 1491 1571 1529 poneret
1610 1481 1650 1517 in
1683 1494 1769 1517 cor-
1787 1497 1828 1518 20

457 1549 554 1583 pore
588 1538 786 1573 rarefacto
820 1550 890 1585 per
922 1546 1065 1588 totum,
1091 1547 1128 1574 et
1161 1551 1251 1575 cum
1278 1539 1353 1574 hoc
1377 1539 1566 1576 continue
1599 1539 1769 1576 circum-

460 1596 580 1631 ducto
615 1608 686 1643 pro
720 1596 899 1644 quolibet
932 1595 1112 1640 instanti,
1158 1596 1288 1645 aquiri
1321 1609 1464 1633 novam
1501 1597 1767 1645 quantitatem

460 1665 530 1700 per
562 1662 712 1699 totum3
737 1655 805 1690 sed
822 1653 915 1702 quia
938 1653 1036 1690 illud
1059 1663 1116 1690 est
1139 1654 1399 1703 impossibile,
1434 1655 1524 1691 ideo
1558 1655 1771 1692 adducitur

460 1720 742 1758 argumentum
777 1713 824 1748 de
859 1724 1028 1760 corpore
1063 1712 1354 1753 circumducto,
1391 1712 1431 1748 in
1470 1726 1548 1761 quo
1583 1713 1771 1750 continue

462 1778 774 1817 corrumpantur
818 1779 967 1818 puncta
1013 1779 1207 1806 extrema:
1261 1779 1304 1806 ut
1349 1770 1482 1818 posito
1527 1772 1636 1819 quod
1682 1772 1769 1816 Sor,
1789 1776 1827 1809 25

461 1826 649 1863 continue
684 1827 867 1875 expansis
902 1827 1086 1864 manibus
1127 1836 1164 1864 et
1208 1828 1398 1873 brachiis,
1446 1828 1773 1865 circumducatur

462 1893 498 1920 et
544 1886 652 1933 quod
702 1885 890 1922 continue
923 1886 1142 1922 aufferatur
1187 1887 1235 1923 de
1280 1895 1456 1923 extremo
1503 1886 1623 1923 medii
1657 1886 1770 1934 digiti

462 1942 675 1979 corelative
710 1943 822 1990 moti,
856 1952 950 1980 tunc
982 1957 1062 1980 non
1096 1952 1153 1980 est
1177 1945 1271 1981 dare
1295 1953 1488 1992 punctum
1521 1944 1772 1981 velocissime

463 2008 616 2036 motum
650 2000 690 2036 in
715 2003 850 2038 Sorte:
886 2010 923 2038 et
955 2014 1025 2049 per
1059 2014 1310 2050 consequens
1342 2001 1496 2050 vertigo
1530 2002 1658 2039 Sortis
1690 2015 1771 2039 non

463 2067 719 2095 mensuratur
750 2071 870 2107 penes
910 2059 1021 2096 illud.
1789 2066 1831 2098 30

520 2117 598 2152 Sed
632 2116 695 2153 hic
729 2117 825 2153 dicit
858 2117 990 2153 taliter
1020 2113 1023 2170 l
1052 2117 1222 2165 opinans
1256 2119 1365 2166 quod
1398 2117 1488 2154 talis
1522 2126 1653 2155 motus
1668 2118 1814 2154 velo—B
1835 2125 1910 2166 129⁸

463 2173 560 2210 citas
594 2175 814 2211 attenditur
846 2187 967 2223 penes
1000 2175 1145 2211 lineam
1181 2188 1300 2224 quam
1326 2175 1569 2212 describeret
1587 2185 1772 2224 punctus,

463 2231 529 2279 qui
563 2232 859 2268 indivisibiliter
886 2232 1061 2269 velocius
1086 2242 1269 2269 movetur
1291 2246 1410 2281 quam
1436 2233 1580 2282 aliquis
1603 2233 1772 2270 istorum

462 2289 645 2325 omnium
687 2299 929 2338 punctorum
975 2299 1176 2327 motorum
1224 2291 1263 2327 in
1308 2291 1460 2329 mobili.
1507 2293 1584 2328 Sed
1618 2293 1665 2328 de
1697 2291 1774 2328 isto

463 2347 570 2383 dicto
604 2347 755 2383 amiror
788 2357 952 2396 propter
985 2349 1131 2385 multa:
1165 2348 1311 2397 primo,
1335 2349 1428 2397 quia
1461 2348 1567 2385 iuxta
1600 2349 1656 2386 sic
1689 2348 1830 2397 opi-35

461 2414 623 2441 nantem
647 2418 728 2442 non
751 2414 808 2442 est
832 2407 927 2442 dare
950 2405 1086 2442 omnia
1120 2415 1268 2454 puncta
1301 2406 1342 2443 in
1374 2406 1442 2442 illo
1477 2416 1587 2444 moto
1622 2406 1772 2452 mobili,

461 2462 563 2498 sicut
596 2476 668 2500 nec
702 2472 758 2499 est
796 2464 890 2500 dare
930 2463 1098 2509 infinita,
1144 2473 1187 2500 ut
1230 2464 1337 2501 dicit.
1380 2468 1440 2510 20,
1489 2465 1583 2513 quia
1622 2464 1774 2501 claudit

463 2521 832 2557 contradiccionem
857 2521 1031 2570 aliquem
1057 2531 1248 2570 punctum
1283 2522 1576 2559 indivisibiliter
1597 2522 1773 2559 velocius

464 2578 614 2615 moveri
659 2592 779 2627 quam
826 2588 1008 2615 movetur
1052 2579 1196 2628 aliquis
1235 2580 1418 2625 istorum,
1465 2593 1554 2616 cum
1601 2593 1681 2617 non
1725 2579 1774 2616 sit

465 2636 654 2684 possibile
700 2649 820 2684 penes
854 2637 986 2685 ipsum
1032 2650 1156 2673 unum
1207 2639 1395 2674 excedere
1429 2638 1538 2674 aliud
1571 2650 1641 2686 per
1673 2637 1774 2673 indi·
1788 2641 1833 2671 40

463 2693 636 2730 visibile:
662 2696 769 2742 quod
803 2703 938 2730 tamen
979 2704 1180 2743 oporteat,
1227 2697 1320 2732 dato
1366 2695 1434 2732 tali
1476 2705 1588 2731 motu
1635 2695 1773 2743 puncti

480 2862 492 2884 Ἥ
533 2837 632 2867 23un
649 2830 699 2860 (or
712 2830 784 2863 quo)
800 2829 872 2856 libet
883 2829 1028 2866 ⁴describe
1044 2830 1140 2877 Bnib.
1164 2816 1221 2856 br‘i'c
1238 2838 1298 2864 pro
1320 2830 1429 2856 lineam
1453 2829 1474 2856 Β
1519 2871 1524 2876 .
1604 2829 1627 2856 5.
1644 2829 1724 2882 filiii?
1743 2830 1774 2857 Β.

464 2871 506 2924 ¹3⁷5.
531 2863 697 2924 iiildluciiss'li&
773 2864 829 2926 [³5⁷
842 2864 1073 2933 pigiotgrgglssr
1084 2864 1131 2932 ¹135
1159 2899 1198 2925 ib.
1220 2864 1448 2933 iiiiiltffidfp'gk.
1519 2863 1718 2925 ⁴838?‘iillc‘l)im
1742 2864 1775 2925 ξ.
