1996 3322
178 918 216 938 10

181 1199 215 1230 15

95 1721 118 1750 Β
141 1723 218 1762 170⁸

181 1787 220 1809 ’κῆ

183 2357 223 2389 35

228 280 317 307 CAP.
339 279 375 306 X.
792 280 977 311 LOGICA.

229 388 458 436 preteritum
488 388 546 423 vel
570 388 744 423 futuram
772 386 1000 422 existentem
1020 386 1057 420 in
1075 385 1350 427 liocinstanti3
1369 383 1476 420 etsie
1493 384 1540 418 de

230 446 363 482 multis
380 445 637 494 sequentibus
655 446 795 492 adque
812 444 867 480 sic
890 443 1065 479 dicentes
1087 457 1165 479 non
1183 444 1296 490 plene
1313 444 1539 478 advertunt.

290 506 337 539 Et
371 504 427 540 sic
452 513 562 551 patet
596 503 703 550 quod
738 506 783 539 2³¹
819 501 970 549 posicio
996 503 1112 537 habet
1137 502 1356 537 concedere
1380 508 1539 535 noctem

229 562 449 610 quamlibet
484 574 567 597 esse
601 561 719 604 diem,
757 573 846 596 cum
883 560 1015 595 omnis
1050 559 1139 595 talis
1173 558 1221 595 sit
1256 558 1403 606 ubique
1438 556 1540 592 raci-

229 633 304 656 one
335 633 402 656 sue
427 618 564 667 partis,
590 628 626 654 et
661 618 716 654 sic
743 627 923 653 movetur
948 630 1036 653 cum
1062 619 1158 659 sole,
1194 617 1354 653 racione
1380 614 1542 652 alterius

232 677 367 725 partis,
402 687 483 713 tam
518 676 602 712 dies
636 689 756 724 quam
793 688 881 720 nox,
917 675 1121 712 continue.

288 737 393 780 Ideo,
427 734 583 770 videtur
618 733 737 770 michi
772 735 877 782 quod
904 738 948 782 3⁸
975 733 1127 781 posicio
1151 742 1207 769 est
1234 732 1388 777 melior,
1423 743 1540 778 quem

232 793 343 841 ponit
376 802 532 841 tempus
566 805 648 828 esse
682 792 786 828 diem
813 800 848 828 et
873 802 1046 836 noctem,
1080 793 1146 827 sed
1173 804 1242 839 per
1265 790 1472 834 accidens;
1507 798 1542 824 et

232 852 286 887 ita
320 864 449 895 evum,
485 851 679 896 seculum,
715 849 903 895 indiccio.
946 850 1132 895 lustrum,
1185 861 1327 891 annus,
1382 846 1541 887 mensis,

232 909 472 957 septimana,
507 907 602 952 dies,
639 910 749 953 hora,
786 916 1035 944 momentum
1070 920 1211 943 vucam
1248 906 1370 949 bisse3
1417 914 1454 941 ct
1487 904 1542 940 sic

233 969 279 1003 de
314 966 455 1003 ceteris
501 966 680 1014 partibus
725 966 772 1002 de
817 965 960 1014 quibus
1005 967 1191 1002 locuntur
1234 974 1316 1001 tam
1351 962 1542 1010 astrologi

233 1038 353 1073 quam
387 1024 640 1072 compotiste,
696 1033 787 1060 sunt
831 1033 963 1072 partes
1010 1023 1217 1071 temporis,
1271 1023 1381 1059 sicud
1435 1029 1543 1069 patet

233 1082 473 1119 discurrenti
508 1095 577 1130 per
610 1082 716 1118 dicta
749 1091 936 1118 autorum
973 1091 1009 1118 et
1047 1081 1297 1130 wulgarium.
1346 1082 1421 1116 Ista
1463 1092 1545 1115 ma-

233 1141 330 1177 teria
377 1143 476 1177 bene
522 1140 775 1186 conceditur3
829 1140 929 1176 sicut
975 1149 1133 1188 oportet
1185 1149 1396 1187 utramque
1440 1137 1544 1174 viam

235 1199 507 1247 predictorum
543 1200 776 1244 concedere,
824 1199 931 1246 quod
965 1198 1096 1234 omnis
1139 1197 1222 1233 dies
1255 1206 1313 1233 est
1366 1208 1456 1245 nox,
1510 1204 1546 1231 et

234 1267 412 1293 econtra.
466 1258 626 1306 Ymmo,
678 1266 811 1293 stante
846 1257 941 1300 sole,
976 1256 1075 1292 foret
1111 1257 1249 1292 eadem
1285 1255 1368 1291 dies
1401 1254 1440 1289 in
1474 1266 1545 1289 nu-

236 1328 345 1352 mero
389 1328 469 1363 quo
516 1316 648 1359 modo,
712 1314 805 1362 quia
849 1314 931 1351 dies
984 1324 1135 1358 eterna,
1199 1326 1275 1362 que
1326 1313 1428 1349 foret
1470 1324 1546 1347 nox

237 1382 386 1418 eterna,
423 1382 483 1409 etc
531 1375 635 1420 Ergo
669 1382 777 1420 patet
810 1374 917 1420 quod
952 1372 1054 1409 lacio
1089 1371 1182 1408 solis
1215 1385 1295 1408 non
1331 1380 1387 1407 est
1421 1382 1545 1418 genus

237 1432 284 1467 ad
339 1431 443 1467 diem
490 1432 550 1467 vel
602 1432 651 1467 ad
685 1440 859 1467 noctem.
914 1433 960 1466 Et
1008 1430 1061 1466 ita
1107 1431 1382 1466 conceduntur
1414 1427 1546 1476 alique

238 1488 513 1526 conclusiones
546 1498 758 1537 sequentes
791 1501 835 1525 ex
869 1489 933 1525 illa
968 1488 1193 1536 posicione;
1239 1496 1378 1524 notata
1412 1496 1546 1522 tamen

238 1547 502 1584 distinccione
536 1547 639 1583 inter
671 1546 755 1583 dies
789 1546 1019 1583 artificiales
1053 1556 1089 1583 et
1121 1547 1339 1591 naturales,
1380 1554 1417 1581 et
1450 1557 1548 1592 quo-

238 1606 360 1642 modo
405 1604 761 1642 dcnominaciones
805 1604 983 1653 predicte
1028 1604 1164 1641 insunt
1197 1603 1383 1652 tempori,
1437 1603 1548 1638 sicud

238 1663 416 1711 tangitur
449 1663 488 1699 in
523 1663 782 1711 responsione
816 1662 1013 1711 sequenti.
1060 1665 1139 1699 Nec
1175 1672 1232 1699 est
1264 1660 1549 1699 inconveniens

237 1722 334 1758 tales
363 1722 367 1772 Ι
397 1720 755 1758 denominaciones
800 1720 928 1758 inesse
961 1720 1090 1757 eidem
1140 1734 1212 1770 pro
1259 1719 1423 1757 diversis
1452 1718 1549 1755 locis

238 1788 306 1816 aut
339 1779 504 1816 diversis
536 1779 801 1827 temporibus,
836 1780 903 1815 sed
936 1792 1016 1815 non
1050 1778 1169 1815 simul
1203 1788 1240 1815 et
1273 1779 1408 1815 semel.

295 1839 409 1874 Tune
443 1839 492 1874 ad
516 1837 690 1885 primum
716 1846 999 1885 argumentum
1025 1846 1165 1874 contra
1189 1837 1361 1885 primam
1387 1848 1550 1884 respon·

237 1895 391 1932 sionem
426 1905 535 1944 patet
580 1897 688 1943 quod
729 1905 981 1944 assumptum
1029 1904 1086 1931 est
1119 1896 1438 1941 concedendum,
1483 1894 1550 1930 sed

239 1953 368 1990 maior
400 1963 455 1990 est
501 1955 698 2002 neganda.
745 1956 833 1990 Non
879 1953 982 1990 enim
1018 1953 1220 2002 sequitur:
1284 1955 1359 1990 hoc
1393 1962 1550 2000 tempus

238 2020 294 2048 est
328 2012 391 2048 hic
425 2025 512 2055 nox,
560 2025 653 2060 ergo
699 2021 755 2048 est
790 2011 852 2048 hic
896 2025 977 2048 non
1010 2011 1113 2060 dies;
1167 2011 1273 2060 quia,
1320 2011 1350 2047 si
1399 2010 1461 2047 hic
1495 2018 1551 2046 est

182 2068 196 2100 T
237 2083 318 2106 non
351 2070 447 2114 dies,
488 2079 583 2106 tunc
632 2079 688 2106 est
722 2083 802 2106 non
836 2069 932 2120 dies,
985 2079 1021 2106 et
1066 2082 1136 2118 per
1189 2081 1438 2118 consequens
1472 2081 1551 2104 non

239 2137 295 2164 est
328 2127 474 2164 alicubi
512 2128 608 2164 dies.
644 2129 736 2164 Ideo
762 2129 861 2164 bene
885 2127 1119 2164 conceditur
1156 2137 1347 2176 tanquam
1383 2138 1552 2175 sequens

238 2187 347 2234 quod
383 2186 451 2222 iste
484 2186 563 2222 dies
596 2199 669 2222 non
703 2193 757 2223 est
791 2186 871 2222 dies
902 2186 1007 2231 alibi,
1048 2187 1115 2223 sed
1154 2199 1235 2222 non
1268 2185 1449 2234 sequitur
1482 2185 1553 2221 hoc

238 2251 294 2280 est
326 2257 398 2280 non
432 2244 512 2280 dies
544 2244 617 2290 hic,
652 2256 749 2295 ergo
783 2245 854 2281 lzoc
885 2252 941 2281 est
974 2257 1046 2280 non
1081 2244 1180 2285 diem
1224 2243 1336 2280 sicud
1381 2256 1461 2280 non
1494 2255 1552 2279 se-

240 2301 393 2350 quitur:
442 2303 511 2338 lzoc
543 2315 615 2338 non
649 2310 704 2338 est
737 2302 817 2338 dies
850 2303 932 2348 lz'c,·
975 2314 1086 2353 ergo,
1127 2303 1197 2338 hoc
1242 2315 1315 2337 non
1360 2309 1415 2338 est
1460 2301 1551 2340 dies.

240 2359 513 2397 Conformiter
557 2369 688 2396 autem
737 2360 875 2397 dicunt
920 2360 1098 2409 theologi
1138 2361 1246 2409 quod
1280 2360 1462 2397 Christus
1496 2367 1553 2395 est

241 2417 402 2466 ubique,
442 2419 511 2454 sed
544 2431 625 2454 non
670 2418 818 2466 ubique
853 2427 909 2454 est
942 2418 1007 2454 ille
1040 2420 1175 2463 homo,
1210 2431 1282 2454 nec
1316 2417 1462 2454 alicubi
1496 2426 1554 2453 est

241 2488 322 2511 non
355 2477 491 2521 homo,
544 2477 613 2512 sed
659 2476 805 2512 alicubi
851 2485 908 2513 est
942 2489 1022 2512 non
1070 2477 1191 2512 homo
1224 2475 1278 2511 ibi
1312 2475 1411 2511 illud
1445 2476 1553 2523 quod

243 2546 322 2569 non
356 2542 413 2570 est
459 2535 578 2570 homo
622 2533 695 2571 ibi:
749 2535 856 2582 quod
911 2534 1016 2570 idem
1051 2543 1119 2572 est.
1183 2533 1249 2571 Sic
1301 2546 1394 2581 ergo
1430 2534 1553 2569 multe

243 2601 375 2639 partes
400 2591 477 2627 diei
502 2601 539 2628 et
560 2592 690 2628 noctis
713 2602 803 2628 sunt
827 2601 908 2628 tam
945 2592 1027 2628 dies
1051 2605 1172 2640 quam
1207 2604 1297 2636 nox,
1331 2592 1550 2628 secundum

312 2713 443 2753 83quam
460 2715 490 2749 (Ι)
512 2715 545 2742 Β.
599 2723 632 2743 11.
645 2706 722 2743 vuffa
738 2714 810 2743 bisse
826 2715 858 2743 Β.
932 2715 1141 2751 12—13.quam
1154 2715 1259 2743 artiste
1275 2723 1366 2751 quam
1382 2713 1511 2750 npotisie
1523 2715 1554 2741 B.

244 2748 282 2776 15.
304 2749 396 2777 S1cud
419 2749 452 2776 Β.
543 2751 589 2777 ΡΝ.
611 2756 650 2777 3¹¹²
672 2751 703 2777 Β.

318 2832 367 2853 11.
394 2823 404 2853 1
433 2833 487 2854 am
508 2824 603 2865 quite
629 2823 755 2855 unable
780 2830 816 2854 to
843 2824 943 2854 make
963 2822 1128 2866 anything
1153 2830 1213 2854 out
1240 2822 1280 2853 of
1301 2822 1399 2854 these
1425 2822 1556 2861 words,

244 2874 331 2926 υιῖῖςῖι
357 2891 447 2936 bzffe.

1749 276 1827 315 207

1590 505 1656 532 'llie
1678 504 1789 531 second

1587 545 1720 571 posmon
1745 541 1798 565 llas

1575 576 1639 602 also
1661 580 1690 601 to
1713 574 1808 600 admit

1585 611 1647 637 that
1670 609 1754 642 niglu
1775 609 1801 635 is

1659 645 1727 679 day.

1595 738 1603 765 1
1628 737 1726 772 prefer
1747 737 1797 762 ille

1596 772 1676 799 ilnrd
1699 770 1787 802 view,

1585 807 1642 834 and
1665 814 1717 841 say
1740 806 1802 832 that

1657 842 1730 868 time

1571 878 1596 905 is
1617 874 1817 909 accidentally

1576 914 1633 948 day
1655 919 1689 937 or
1711 909 1808 943 niglu,

1604 956 1639 974 or
1660 954 1695 983 an
1718 953 1782 978 age,

1611 994 1626 1011 a
1646 987 1784 1016 century,

1594 1029 1608 1047 a
1631 1027 1712 1056 year,
1734 1017 1790 1045 ac.

1571 1150 1648 1176 Molli
1670 1148 1719 1174 Ille
1739 1147 1825 1173 other

1597 1184 1691 1210 views
1713 1186 1795 1208 must

1573 1223 1660 1254 grant
1681 1218 1745 1244 that
1766 1217 1824 1250 day

1586 1263 1610 1281 is
1633 1253 1729 1284 nieht7
1751 1251 1808 1278 and

1573 1290 1636 1316 lliat
1658 1289 1681 1315 il
1699 1289 1749 1314 [lie
1770 1293 1825 1312 sun

1602 1323 1691 1350 stood
1714 1321 1785 1351 still,

1597 1360 1680 1386 [llere
1703 1356 1804 1383 would

1632 1394 1666 1420 be
1688 1393 1758 1419 boll]

1625 1428 1781 1462 eternally.

1611 1463 1668 1491 We
1689 1463 1785 1489 admit

1593 1506 1684 1531 many
1705 1498 1738 1524 οῖ’
1756 1497 1806 1523 the

1651 1529 1748 1560 above

1604 1571 1794 1602 arguments,

1635 1603 1748 1637 merely

1574 1636 1818 1672 distinguisliing

1636 1675 1770 1700 between

1592 1707 1742 1739 artificia!
1762 1705 1820 1733 and

1634 1742 1770 1771 natural.

1573 1851 1705 1877 Answer
1727 1851 1756 1873 to
1778 1847 1827 1872 ilie

1582 1884 1698 1911 attacks
1719 1890 1756 1908 on
1780 1889 1830 1916 my

1613 1920 1677 1947 lirst
1699 1918 1793 1951 reply.

1614 1963 1633 1981 1.
1656 1954 1709 1983 (ii).
1732 1952 1791 1980 We

1584 1990 1663 2024 deny
1685 1988 1748 2015 tliat
1769 1987 1818 2013 llie

1573 2027 1695 2058 present
1716 2022 1789 2049 time
1810 2022 1834 2048 is

1573 2060 1657 2094 night
1678 2059 1759 2090 here,
1782 2057 1833 2083 but

1614 2099 1704 2129 ‚quint
1726 2094 1789 2120 (liat

1602 2130 1682 2156 what
1702 2128 1728 2156 is
1749 2128 1807 2162 day

1591 2165 1662 2192 here
1682 2164 1707 2191 is
1729 2163 1814 2197 night

1614 2199 1789 2226 elsewhere.

1640 2233 1772 2261 Christ's

1568 2269 1724 2297 manhood
1746 2268 1771 2295 is
1793 2273 1844 2295 not

1598 2303 1810 2339 everywhere;

1614 2339 1635 2366 it
1656 2339 1730 2366 does
1751 2343 1803 2365 not

1577 2374 1681 2401 follow
1703 2375 1766 2400 tliat
1787 2373 1836 2400 tlie

1587 2408 1687 2436 word
1710 2409 1735 2435 is
1757 2413 1808 2435 not

1665 2451 1746 2470 man.

1585 2478 1676 2514 Many
1698 2483 1781 2513 parts
1802 2477 1836 2504 of

1583 2513 1641 2549 day
1662 2514 1719 2540 and
1743 2513 1829 2546 night

1595 2556 1644 2575 are
1665 2556 1698 2575 as
1720 2547 1810 2574 much

1621 2591 1678 2609 one
1698 2591 1730 2609 as
1752 2583 1800 2609 tlie

1650 2619 1756 2650 omer;
