1996 3322
144 737 192 764 sor
212 743 302 771 every
322 734 403 761 trutli

203 776 285 798 must
307 771 341 797 be

138 815 310 842 necessary,
332 806 412 833 ifwe

156 844 228 878 only
250 850 386 876 suppose

145 879 166 906 it
187 884 216 905 to
238 878 273 904 be
294 877 401 903 indeed

233 918 310 939 true.

137 1159 216 1187 This
237 1159 261 1185 is
282 1163 346 1185 true
366 1157 414 1183 sor

191 1193 361 1227 absolutely

180 1228 369 1263 evermliing.

166 1552 380 1590 Hypolhetical

202 1588 354 1623 necessity

142 1625 264 1659 iinplies
286 1624 348 1650 lliat
369 1622 418 1649 the

185 1660 272 1693 thing
292 1661 373 1685 must

162 1695 237 1721 exist
258 1698 287 1720 at
309 1700 394 1719 some

145 1729 251 1765 period
273 1736 308 1755 or
323 1728 418 1754 other.

174 1765 231 1791 ssut
250 1772 295 1789 we
316 1762 392 1789 have

180 1800 264 1826 three
285 1801 381 1824 sorts:

157 1843 177 1862 1.
202 1832 406 1869 liypothetical

158 1869 269 1896 eterna]
291 1867 401 1900 trutlis,

145 1913 178 1930 as
194 1903 293 1930 God's
314 1902 419 1928 decree

152 1940 215 1965 that
235 1936 410 1965 Antichrist

171 1973 280 2000 should
302 1971 390 2005 exist,

215 2007 274 2034 and
296 2007 344 2033 his

182 2042 382 2077 producfion2

166 2090 225 2117 and
247 2090 331 2116 these
352 2096 402 2115 are

156 2126 252 2152 above
272 2124 309 2151 all
330 2124 414 2150 time.

208 2160 262 2186 Yet
283 2159 361 2186 their

182 2195 334 2221 existence
355 2193 380 2220 is

244 2229 328 2263 quite

194 2264 381 2298 contingent.

154 2307 179 2326 2.
203 2299 317 2325 Others
338 2297 415 2324 exist

205 2335 253 2361 sor
272 2341 353 2366 ever,

157 2368 181 2396 3.
204 2369 308 2395 others
329 2368 376 2394 for
397 2375 412 2393 a

209 2405 316 2435 longer
332 2410 368 2428 or

158 2440 278 2466 sliorter
300 2437 418 2473 period.

846 282 1071 313 JOHANle
1099 282 1283 314 WYC1.1F
1590 281 1679 308 CAI‘.
1702 282 1735 309 X.

425 387 555 435 logica
589 387 694 423 illius
730 387 916 429 materie:
963 396 1011 429 θῖ,
1058 388 1088 424 si
1123 388 1274 436 aliquid
1310 389 1382 425 fuit
1416 390 1475 426 vel
1510 390 1596 436 erit,
1644 400 1738 427 tunc

426 446 555 494 ipsum
591 454 660 492 est,
696 445 802 482 iuxta
827 446 936 482 illan]
972 445 1090 485 viam.
1125 448 1242 494 Ergo,
1278 447 1308 483 si
1343 448 1495 496 aliquid
1521 458 1577 485 est
1610 450 1739 485 deter-

427 504 576 541 minate
609 517 761 551 verum,
808 517 968 540 necesse
1013 513 1071 540 est
1117 504 1246 552 ipsum
1282 518 1380 546 esse,
1427 515 1463 542 et
1498 520 1567 554 per
1601 520 1739 544 conse-

426 576 552 611 quens
586 572 643 599 est
676 562 962 599 necessarium.
1018 564 1065 598 Et
1114 563 1247 599 minor
1292 565 1518 611 argumenti
1553 574 1662 613 patet
1696 578 1739 602 ex

427 623 501 657 hoc
535 623 642 670 quod
675 634 794 657 omne
827 622 935 669 quod
959 633 1121 657 necesse
1155 630 1212 657 est
1245 634 1328 658 esse
1353 623 1412 658 vel
1445 622 1563 659 fuisse
1586 637 1737 669 verum,
1757 625 1773 657 5

427 689 484 716 est
518 680 784 716 determinate
808 692 966 722 verum3
1001 680 1067 714 sed
1102 692 1223 715 omne
1253 692 1390 716 verum
1414 690 1471 717 est
1494 681 1738 719 huiusmodi.

428 740 625 774 Probatur
674 750 744 786 per
782 737 1070 773 deduccionem
1125 738 1174 773 ad
1228 737 1489 786 impossibile,
1544 740 1740 788 capiendo

428 798 534 845 quod
560 809 632 832 non
665 804 719 832 est
742 808 891 832 necesse
922 807 1004 831 esse
1036 795 1234 844 velfztisse
1264 797 1368 845 quod
1388 797 1622 833 Anticristus
1653 798 1739 844 erit,

429 867 516 891 curn
553 855 628 890 hoc
653 855 761 902 quod
795 854 875 903 ipse
906 854 991 890 erit.
1027 852 1067 889 Si
1090 853 1333 890 Anticristus
1367 855 1451 901 erit,
1486 864 1580 892 tunc
1602 869 1740 892 verum

429 922 487 949 est
520 914 629 960 quod
663 912 747 960 ipse
780 921 850 959 θεῖ,
897 920 933 948 θῖ
966 910 1051 957 fuit,
1099 924 1144 947 eo
1178 913 1285 960 quod
1332 925 1468 949 verum
1504 913 1576 950 erit
1610 914 1739 962 ipsum
1763 925 1800 945 10

429 983 512 1007 esse
546 979 582 1006 et
615 969 747 1006 fuisse.
784 972 831 1006 Et
857 981 976 1006 omne
1001 970 1107 1017 quod
1133 970 1206 1006 erit
1240 980 1316 1016 est;
1351 980 1387 1007 et
1419 971 1449 1007 si
1484 980 1541 1007 est
1572 973 1633 1008 vel
1656 971 1741 1017 fuit,

427 1041 589 1065 necesse
622 1037 678 1064 est
702 1027 831 1076 ipsum
857 1040 954 1072 esse,
988 1036 1030 1063 ut
1064 1028 1247 1075 proximo
1271 1030 1487 1065 deductum
1523 1038 1598 1066 est:
1633 1042 1741 1077 ergo,

428 1086 459 1122 si
483 1086 568 1132 erit,
603 1098 762 1123 necesse
787 1095 842 1122 θεῖ
876 1086 1005 1134 ipsum
1037 1097 1133 1123 esse.
1168 1088 1216 1122 Et
1244 1095 1354 1134 patet
1377 1087 1539 1135 quodsi
1573 1096 1643 1134 θεῖ,
1677 1100 1742 1123 ne-

429 1157 536 1181 cesse
570 1153 626 1181 θεῖ
660 1144 890 1180 eternaliter
929 1142 1047 1180 fuisse
1086 1145 1194 1192 quod
1227 1144 1311 1192 ipse
1345 1145 1429 1181 erit.
1464 1147 1512 1181 Et
1545 1145 1650 1181 idem
1686 1155 1742 1181 θεῖ

430 1211 713 1250 argumentum
748 1203 796 1238 de
830 1202 1010 1251 quolibet
1034 1201 1251 1250 signando3
1286 1203 1379 1251 quia
1412 1202 1442 1239 si
1475 1203 1639 1252 aliquod
1675 1217 1742 1240 ens
1763 1205 1799 1235 15

430 1261 517 1306 erit,
551 1269 645 1297 tunc
669 1273 740 1309 per
763 1269 923 1308 tempus
946 1260 1124 1296 futurum
1160 1270 1216 1297 θεῖ
1240 1273 1376 1297 verum
1413 1270 1448 1297 et
1472 1262 1738 1298 necessarium

432 1319 539 1367 quod
574 1318 666 1366 fuit3
712 1327 749 1355 et
783 1331 853 1367 per
886 1330 1136 1366 consequens
1185 1332 1258 1366 pro
1291 1320 1430 1355 eadem
1466 1332 1653 1356 mensura
1687 1329 1743 1356 est

428 1377 699 1413 necessarium
734 1378 841 1425 quod
874 1389 945 1425 per
977 1386 1137 1424 tempus
1177 1385 1358 1413 eternum
1398 1377 1494 1413 illud
1535 1377 1606 1414 fuit
1640 1378 1743 1413 futu—

430 1448 533 1471 rum.
579 1437 626 1471 Et
659 1448 729 1482 per
769 1447 1019 1483 consequens
1064 1448 1134 1482 per
1167 1435 1265 1470 illud
1311 1444 1469 1483 tempus
1517 1436 1742 1472 necessario

431 1502 488 1529 θεῖ
521 1493 712 1529 futurum.
1760 1505 1803 1525 2‹›

490 1551 636 1587 Omnia
669 1560 801 1587 autem
837 1550 1060 1588 necessaria
1085 1564 1127 1587 ex
1150 1550 1435 1599 supposicione
1468 1551 1508 1587 in
1541 1553 1616 1588 hoc
1649 1565 1742 1588 con-

433 1608 596 1645 veniunt
630 1611 736 1657 quod
769 1621 931 1645 necesse
961 1618 1019 1645 θεῖ
1052 1609 1119 1645 illa
1153 1622 1225 1657 pro
1259 1609 1393 1658 aliqua
1425 1622 1611 1646 mensura
1645 1623 1742 1648 esse.

435 1668 511 1703 Sed
546 1668 621 1703 hoc
654 1667 866 1715 tripliciter
897 1666 1087 1706 variatur.
1139 1670 1240 1704 Nam
1274 1667 1438 1716 aliquod
1472 1669 1550 1704 tale
1584 1680 1744 1704 necesse

435 1734 492 1761 est
526 1738 609 1762 esse
633 1734 814 1761 eternum
847 1738 868 1761 a
897 1733 1014 1774 parte
1046 1733 1134 1762 ante
1166 1734 1202 1762 et
1234 1738 1256 1761 a
1284 1733 1402 1775 parte
1418 1733 1522 1775 post,
1554 1735 1597 1763 ut
1630 1727 1742 1762 deum

436 1784 533 1819 velle
563 1784 816 1820 Anticristztm
852 1795 944 1829 esse,
978 1792 1015 1820 et
1047 1784 1298 1820 Anticristum
1321 1785 1419 1832 sore
1451 1785 1511 1820 vel
1542 1797 1622 1820 esse
1649 1797 1745 1833 pro·
1762 1785 1802 1817 25

435 1842 614 1886 ductmn;
665 1854 837 1890 quorum
872 1850 1089 1889 utrumque
1122 1841 1330 1889 reciproce
1355 1850 1492 1878 causat
1524 1842 1743 1890 reliquum:

434 1899 625 1947 primurn,
673 1909 714 1936 ut
746 1900 875 1935 forma
908 1899 1156 1950 exemplaris,
1191 1908 1228 1936 et
1261 1903 1318 1937 2¹n
1351 1909 1394 1936 ut
1439 1899 1621 1937 materia.
1666 1902 1747 1936 Nec

435 1966 492 1993 est
515 1957 814 2002 inconveniens,
848 1958 917 1993 sed
940 1957 1224 2003 necessarium,
1259 1957 1393 2006 aliqua
1419 1957 1624 2006 reciproce
1657 1971 1747 1994 cau-

435 2028 523 2051 sare
547 2015 586 2051 in
610 2015 765 2052 diverso
789 2027 932 2063 genere
953 2015 1158 2052 causandi.
1191 2016 1310 2052 Tales
1333 2027 1426 2064 ergo
1449 2016 1634 2053 veritates
1657 2024 1747 2052 sunt

435 2086 557 2121 supra
587 2086 706 2110 omne
742 2082 899 2121 tempus
928 2069 932 2126 1
961 2082 1003 2109 οῖ
1027 2073 1301 2119 futuriciones‚
1336 2073 1635 2121 pretericioneS‚
1671 2074 1747 2110 dis·
1768 2074 1864 2107 3161

436 2130 681 2178 iunceiones,
716 2140 753 2168 et
785 2130 932 2167 noticie
966 2131 1042 2168 dei.
1082 2134 1131 2167 Et
1162 2139 1298 2168 tamen
1332 2131 1746 2179 contingentissimum

438 2198 494 2225 est
527 2189 624 2225 illud
658 2202 755 2236 esse,
801 2202 890 2225 cum
925 2198 1057 2237 potest
1089 2202 1170 2225 non
1205 2202 1302 2235 esse,
1356 2190 1424 2226 sed
1455 2202 1537 2226 non
1570 2190 1747 2238 incipere

438 2247 497 2283 vel
530 2247 711 2284 desinere
760 2259 856 2283 esse.
902 2247 1064 2295 Aliquid
1109 2247 1234 2284 eciam
1283 2247 1362 2284 tale
1394 2260 1558 2284 necesse
1590 2260 1749 2296 semper

438 2317 542 2341 esse:
576 2314 618 2341 ut
652 2307 846 2341 mundum
873 2314 910 2341 et
942 2314 1075 2353 partes
1110 2304 1206 2343 eius.
1240 2307 1287 2341 Et
1320 2305 1483 2354 aliquod
1507 2318 1667 2342 necesse
1692 2314 1748 2342 est

439 2375 523 2398 esse
556 2376 634 2399 non
666 2375 842 2411 semper3
897 2372 935 2399 et
979 2364 1055 2399 hoc
1087 2362 1320 2411 tripliciter;
1368 2372 1405 2399 et
1437 2364 1493 2399 sic
1526 2376 1596 2411 per
1628 2376 1748 2399 omne
1765 2364 1804 2397 35

438 2429 597 2468 tempus
630 2430 698 2457 aut
732 2421 882 2457 instans
916 2420 955 2457 in
989 2434 1068 2469 quo
1102 2420 1266 2457 instanti
1300 2420 1445 2457 desinit
1479 2433 1577 2468 esse,
1616 2422 1675 2458 vel
1710 2421 1749 2456 in

439 2478 549 2514 omni
582 2488 763 2527 tempore
795 2488 885 2526 post
924 2479 1076 2516 instans
1120 2478 1179 2515 sui
1224 2478 1503 2527 inposicionis;
1556 2487 1598 2514 ut
1640 2488 1749 2527 patet

440 2538 487 2572 de
521 2536 624 2581 istis;
678 2538 748 2573 hoc
793 2538 907 2572 modo
952 2546 989 2573 et
1029 2538 1101 2573 hoc
1133 2537 1279 2573 instans
1310 2545 1364 2573 est
1393 2537 1641 2586 preteritum,
1693 2544 1748 2572 est

427 2595 629 2643 futurum,
663 2596 722 2631 vel
756 2598 802 2645 30
829 2596 932 2643 quod
974 2595 1129 2644 incipiat
1162 2595 1223 2631 vel
1255 2595 1403 2631 desinat
1443 2607 1524 2631 esse
1555 2594 1672 2630 simul
1706 2603 1749 2630 ut

514 2844 539 2872 7.
564 2840 601 2875 p*
626 2838 713 2863 {nuce
739 2834 769 2862 1³⁶
861 2833 887 2863 8.
909 2842 938 2870 q,
960 2834 1046 2862 ῖινιέε
1067 2833 1099 2861 Β.
1173 2842 1202 2867 o.
1223 2824 1259 2860 ἓῗι
1276 2835 1307 2860 hc
1329 2833 1417 2859 [ινίεθ
1437 2832 1468 2859 Β.
1541 2839 1587 2863 24-
1610 2837 1693 2870 app*
1710 2831 1747 2864 ss;

442 2892 478 2921 ih.
502 2896 576 2932 ³20⁹
600 2894 632 2920 B.
730 2892 774 2919 30.
798 2897 826 2919 01
851 2893 881 2919 Β.
974 2891 1011 2919 31.
1040 2896 1118 2918 110110
1145 2892 1177 2918 Β.
1269 2890 1313 2925 39.
1336 2899 1402 2917 esse
1423 2898 1480 2924 que
1502 2890 1590 2916 simul
1614 2889 1644 2916 B.
