1996 3322
196 851 222 879 3.
244 852 291 879 To
312 852 400 878 make

183 896 198 913 a
220 887 291 921 king
311 886 337 913 is
358 886 412 912 but

177 927 207 949 to
229 922 364 956 produce
386 928 421 947 an

214 956 381 983 accidental

236 991 365 1026 quality,

203 1027 261 1053 and
283 1034 299 1052 a
321 1026 392 1059 king

204 1063 313 1094 (minus
333 1061 393 1088 this

161 1096 287 1132 quality)
309 1104 378 1130 may
400 1095 434 1121 be

173 1131 365 1165 engendered
389 1138 423 1157 or

222 1165 375 1200 baptized.

183 1201 297 1235 Judges
318 1200 412 1233 ought

188 1241 216 1262 to
237 1235 330 1270 apptv
350 1235 411 1261 this

231 1270 317 1304 point
337 1270 372 1296 οῖ’

203 1305 281 1339 logie
302 1305 389 1331 when

196 1339 394 1378 questioning

217 1380 387 1401 wnnesses.

227 1410 239 1436 1
260 1410 299 1436 do
320 1415 373 1435 not

205 1445 319 1471 believe
339 1444 403 1470 that

175 1481 249 1506 such
271 1478 427 1506 accidents

167 1522 220 1541 can
243 1514 278 1540 be
299 1514 436 1540 absolute

232 1549 367 1578 entities;

240 1583 328 1610 when
348 1583 361 1609 1

229 1618 367 1653 perceive

213 1653 390 1685 wliiteness,

178 1688 189 1714 I
211 1687 350 1722 perceive
370 1687 419 1714 the

228 1723 314 1757 thing
335 1730 368 1749 as

170 1757 294 1784 affected
319 1758 356 1792 by
376 1758 438 1784 that

235 1792 366 1827 quality3
384 1826 389 1830 .

200 1828 362 1854 substance
383 1835 408 1853 is

175 1861 334 1896 perceix‘ed
356 1861 428 1896 only

165 1897 202 1931 by
224 1904 329 1923 means
350 1899 381 1923 ot
402 1896 439 1923 its

219 1931 387 1958 accidents.

216 2000 317 2027 There
338 2008 388 2027 are

230 2035 370 2062 different

225 2070 386 2105 questions

177 2104 364 2143 concerning
386 2104 434 2131 the

198 2145 344 2166 sensmve
364 2144 421 2173 act,

209 2589 274 2616 into
295 2588 396 2615 which

179 2624 191 2652 I
212 2624 252 2650 do
273 2628 325 2651 not
345 2628 429 2649 enter

213 2663 242 2685 at
264 2662 396 2693 present.

885 271 1110 302 JOHANNIS
1137 270 1322 301 WYCLIF
1613 266 1700 294 CAP.
1723 267 1758 294 X.

449 382 551 415 Nota
591 391 702 426 ergo:
751 377 877 413 albior
910 378 968 413 vel
1009 377 1122 412 albus
1162 376 1234 412 erit
1268 378 1402 412 Sortes
1446 377 1549 412 in'ss
1583 376 1762 423 instanti,

449 436 631 485 quamvis
665 437 797 472 album
834 444 928 471 tunc
969 434 1042 470 erit
1077 436 1224 471 Sortes.
1277 437 1358 470 Nec
1394 434 1572 482 sequitur
1605 447 1648 470 ex
1688 436 1763 471 hoc

449 496 557 543 quod
591 497 700 530 “tam
738 495 872 530 album
908 502 1002 528 tunc
1037 491 1111 528 erit
1147 494 1220 529 Sor
1253 505 1374 540 quam
1409 494 1542 528 album
1569 505 1761 541 umquam

449 553 521 589 erit
545 554 727 598 Sortes”,
762 551 855 600 quia
887 551 917 587 si
943 550 1075 586 minus
1099 550 1225 596 albus,
1262 550 1386 598 magis
1411 551 1535 597 albus,
1571 559 1638 587 aut
1664 563 1764 598 eque

449 612 561 647 albus
594 620 687 647 tunc
723 610 796 646 erit
829 610 979 655 Sortes,
1014 608 1195 656 sequitur
1240 610 1347 656 quod
1388 610 1522 645 Sortes
1562 617 1658 645 tunc
1692 608 1765 645 erit

450 670 574 705 albus.
628 670 681 704 Ex
726 680 819 716 qUO.
866 668 915 703 ad
961 666 1236 714 syllogismum
1283 666 1323 702 in
1369 670 1410 704 10
1451 667 1579 714 prime
1626 667 1764 715 figure,

450 726 527 762 dixi
553 728 658 775 quod
690 725 883 773 premisse
906 725 1154 761 concludunt
1188 726 1294 772 quod
1327 725 1402 761 Sor
1434 734 1529 761 tunc
1564 724 1636 761 erit
1669 725 1767 760 illud

448 786 551 834 quod
588 792 642 820 est
677 785 737 820 vel
768 785 840 820 erit
874 783 1023 819 album.

507 844 565 878 Ad
591 846 648 891 3⁸³
673 842 812 889 negavi
836 841 1008 890 primam
1037 839 1351 886 conclusionem,
1387 853 1476 876 curn
1503 840 1630 876 faccio
1664 840 1766 888 regis

450 900 497 936 sit
532 899 743 947 generacio
777 898 1011 945 accidentis,
1046 899 1157 934 sicud
1193 898 1415 934 elecciones
1447 907 1583 934 creant
1606 911 1767 949 papam,

451 971 626 998 cesares:
668 966 704 993 et
745 958 798 994 ita
839 967 896 994 est
930 959 1024 993 dare
1066 956 1311 1004 baptismum
1346 957 1406 992 vel
1441 956 1766 1003 mundacionem,

450 1016 543 1064 quia
592 1015 780 1052 continue
826 1015 1053 1064 baptizatur
1098 1014 1345 1050 immundus.
1399 1016 1480 1050 Nec
1513 1016 1626 1051 obest
1659 1017 1766 1064 quod

450 1074 718 1122 generacione
751 1073 1012 1110 substanciali
1047 1074 1107 1108 vel
1141 1072 1381 1120 baptismate
1415 1085 1517 1120 aque
1550 1077 1602 1111 (et
1635 1073 1690 1110 sic
1721 1074 1769 1110 de

450 1132 662 1178 similibus)
719 1134 984 1178 generabatur
1029 1132 1088 1166 vel
1141 1131 1423 1179 baptizabatur
1475 1130 1548 1166 iste
1601 1143 1665 1167 rex
1708 1133 1768 1168 vel

451 1191 649 1227 sacerdos,
700 1192 811 1226 Unde
858 1191 969 1226 decet
1015 1188 1165 1225 iudices
1212 1201 1327 1224 nosse
1360 1190 1516 1236 loycam
1551 1202 1679 1233 suam,
1720 1202 1768 1226 ne

452 1248 677 1284 examinent
710 1257 828 1284 testes
862 1249 909 1284 de
942 1247 1235 1292 accidentibus3
1281 1256 1322 1282 ut
1366 1255 1461 1295 puta
1493 1247 1524 1282 si
1559 1257 1768 1284 accusatus

453 1306 647 1354 percussit
680 1305 792 1342 illum
828 1305 1056 1353 hominem3
1093 1305 1154 1340 vel
1187 1305 1217 1340 si
1251 1305 1324 1341 iste
1357 1305 1543 1341 sacerdos
1577 1305 1648 1341 fuit
1682 1318 1766 1354 per-

452 1377 589 1400 cussus
623 1377 643 1400 a
678 1364 845 1412 reliquo.
881 1366 970 1400 Non
996 1376 1089 1411 ergo
1115 1364 1233 1399 credo
1257 1363 1339 1399 fore
1370 1362 1560 1410 possibile
1584 1363 1769 1400 accidens

453 1423 535 1458 fore
580 1423 658 1458 tale
703 1423 954 1468 absolutum3
1004 1421 1097 1469 quia
1141 1420 1226 1456 sine
1272 1420 1393 1457 dubio
1437 1429 1656 1468 oporteret,
1701 1421 1769 1458 illo

453 1482 559 1521 dato,
594 1492 744 1528 ponere
779 1481 995 1528 quamdam
1032 1478 1366 1515 informacionem
1403 1478 1594 1526 mediare,
1634 1493 1655 1516 a
1689 1492 1768 1528 quo

452 1539 674 1574 formaliter
696 1548 731 1574 et
753 1538 971 1574 inmediate
994 1537 1217 1573 subiectum
1239 1545 1294 1572 est
1310 1536 1442 1573 taliter
1458 1536 1768 1577 accidentatum.

452 1599 500 1632 Et
530 1596 597 1641 ita,
632 1596 845 1632 senciendo
870 1597 1019 1637 album,
1052 1594 1113 1630 vel
1136 1596 1405 1643 quodcunque
1429 1594 1536 1630 aliud
1570 1595 1767 1642 accidens,

453 1654 627 1691 senciam
676 1667 757 1690 rem
805 1654 937 1690 taliter
982 1653 1290 1689 accidentatam.
1348 1654 1489 1689 Utrum
1535 1662 1668 1689 autem
1702 1654 1769 1690 illa

454 1725 514 1748 res
559 1712 608 1748 sit
652 1711 894 1757 substancia,
941 1713 1061 1747 homo
1102 1711 1162 1746 vel
1200 1723 1438 1758 quecunque
1483 1710 1560 1747 alia
1603 1712 1767 1759 species,

453 1783 533 1807 non
567 1779 623 1806 est
658 1783 793 1806 sensus
839 1769 1049 1815 discutere,
1094 1770 1161 1804 sed
1195 1769 1351 1805 virtutis
1390 1768 1621 1816 superioris.
1677 1771 1768 1806 Ideo

455 1828 550 1864 dicit
577 1828 811 1864 Aristoteles
845 1829 952 1876 quod
986 1827 1214 1863 substancia
1246 1839 1325 1863 non
1356 1826 1538 1873 sentitur,
1592 1827 1665 1863 nisi
1699 1840 1769 1876 per

457 1886 662 1931 accidens3
696 1886 788 1934 quia
823 1885 1008 1922 accidens
1042 1884 1213 1921 sentitur
1246 1886 1318 1920 sub
1349 1884 1510 1921 racione
1534 1898 1611 1933 qua
1635 1885 1768 1922 huius-

456 1943 584 1989 modi;
631 1953 667 1980 et
711 1943 855 1980 accidit
898 1943 1125 1979 substancie
1163 1942 1295 1979 taliter
1336 1955 1419 1978 esse
1458 1942 1768 1980 accidentatam.

513 2003 589 2038 Sed
624 2002 790 2038 dubium
827 2015 876 2037 an
910 2001 1076 2049 quilibet
1109 2001 1260 2037 habens
1295 2013 1416 2037 unum
1452 2009 1585 2037 actum
1612 2002 1658 2038 de
1681 2014 1768 2038 sen—

454 2060 558 2096 sibili
583 2061 727 2096 habeat
751 2059 930 2095 infinitos
954 2068 1066 2096 actus
1090 2060 1137 2094 de
1160 2059 1341 2106 partibus
1370 2058 1561 2102 eiusdem,
1597 2072 1765 2107 quarum
1785 2064 1800 2096 ἲ

456 2117 783 2166 deperdicionem
829 2118 889 2154 vel
934 2116 1226 2165 aquisicionem
1279 2117 1344 2153 ille
1395 2129 1476 2153 non
1528 2117 1767 2166 participiet,

456 2175 599 2212 ablatis
632 2177 693 2212 vel
724 2175 925 2223 generatis
958 2174 1053 2223 ipsis
1088 2174 1340 2211 substanciis.
1384 2175 1454 2211 Vel
1494 2187 1544 2210 an
1584 2184 1641 2211 est
1674 2177 1768 2212 dare

455 2247 579 2270 unum
606 2246 676 2282 per
698 2246 738 2270 se
761 2233 966 2279 sentitum,
1001 2234 1050 2269 ad
1074 2234 1181 2280 quod
1205 2245 1275 2280 per
1309 2244 1350 2268 se
1383 2232 1624 2268 terminatur
1656 2243 1768 2270 actus

456 2301 493 2328 et
526 2304 595 2339 per
629 2291 816 2328 accidens
849 2293 900 2328 ad
934 2289 1132 2339 quotlibet
1165 2290 1254 2327 alia.
1298 2292 1346 2326 Et
1378 2290 1408 2326 si
1444 2291 1582 2326 eadem
1617 2291 1769 2339 species

456 2358 588 2398 potest
621 2349 793 2385 vicissim
829 2348 976 2385 sentire
1009 2348 1245 2384 naturaliter
1270 2357 1306 2384 et
1335 2348 1591 2395 singulariter
1613 2349 1768 2386 infinita
1811 2353 1822 2359 ⁷

455 2407 603 2444 similia
626 2416 870 2455 presentata,
902 2416 939 2443 et
961 2418 1032 2455 per
1055 2418 1306 2454 consequens
1328 2406 1439 2442 nulla
1462 2406 1552 2442 talis
1576 2407 1769 2444 certificat

457 2465 663 2502 evidenter
708 2467 756 2501 de
801 2465 973 2501 obiecto.
1019 2464 1090 2500 Vel
1123 2477 1172 2500 an
1205 2464 1334 2500 solum
1377 2472 1511 2500 manet
1544 2464 1696 2512 species
1729 2465 1769 2502 in

455 2523 662 2571 presencia
695 2522 854 2570 obiecti,
887 2523 948 2559 vel
981 2535 1031 2558 an
1063 2534 1144 2558 non
1178 2531 1235 2558 est
1267 2523 1467 2570 ponenda,
1502 2525 1563 2570 30,
1597 2522 1629 2558 si
1661 2523 1767 2559 idem

457 2591 568 2618 actus
601 2581 640 2617 in
673 2593 843 2616 numero
877 2590 914 2617 et
948 2581 1087 2617 eadem
1121 2579 1274 2628 species
1297 2588 1427 2627 potest
1453 2591 1628 2624 manere,
1661 2594 1768 2617 nunc

1789 911 1826 931 lo

1790 1192 1825 1224 15

1786 1493 1827 1513 '20

456 2638 650 2675 intensior
683 2648 720 2675 et
750 2651 857 2675 nunc
890 2637 1108 2675 remissior.
1162 2639 1238 2674 Ista
1272 2636 1394 2674 dubia
1433 2637 1615 2686 relinquo
1654 2638 1826 2676 alteri40

457 2698 559 2744 loco,
593 2696 727 2744 gracia
760 2696 977 2734 brevitatis.

525 2852 555 2876 4.
579 2842 685 2879 before
704 2843 792 2870 albus
813 2843 861 2878 all!
885 2844 916 2870 B.
1019 2841 1061 2871 32.
1089 2849 1118 2870 ar
1144 2844 1176 2871 Β.
1281 2843 1322 2871 35.
1346 2847 1448 2878 potest
1468 2842 1606 2870 vicissim
1627 2842 1712 2870 twice
1733 2843 1765 2870 B.

457 2877 500 2912 37.
529 2884 557 2904 ar
584 2877 616 2904 B.
707 2876 752 2904 38.
774 2883 804 2904 ae
826 2878 857 2905 Β.
1032 2898 1033 2901 ,
