1996 3322
149 296 223 333 160

155 419 213 445 and
235 422 334 445 tutnre
355 426 403 443 are

189 454 226 480 all
255 462 312 479 one
333 457 362 479 to

229 490 320 515 thuni.

233 652 319 686 They

193 686 365 713 contradict

244 722 313 748 both

170 755 393 790 philosophical

169 792 228 818 and
250 790 394 825 [stainam

186 827 333 860 langnage
356 830 384 851 to

156 861 230 887 such
252 869 288 887 an
310 864 418 892 extent,

154 897 215 922 that
236 895 257 921 it
277 895 302 921 is
323 895 414 921 wiser

162 935 214 957 not
235 935 265 956 to
286 930 408 956 consuto

174 965 267 996 them,
289 964 347 991 and
369 968 399 990 to

209 1004 253 1026 set
273 999 351 1025 their

164 1035 290 1068 opinion
313 1034 396 1060 asido

183 1078 215 1095 as
236 1069 386 1104 evidently

227 1112 344 1138 wrong.

185 1279 251 1306 The
271 1277 385 1304 second

163 1314 291 1349 opinion
314 1312 412 1346 posits

228 1348 292 1375 that
312 1356 351 1373 no

206 1382 378 1410 successive

176 1419 266 1452 being
287 1418 321 1450 is,
345 1417 397 1443 bnt

173 1453 268 1481 either
288 1460 351 1479 was
371 1459 405 1477 or

227 1488 290 1514 will
308 1488 352 1513 be.

195 1522 222 1550 lt*
241 1532 285 1554 so,
307 1522 375 1548 then

227 1557 344 1584 neither

156 1596 331 1620 movement
353 1598 410 1617 nor

177 1628 249 1654 time
270 1627 296 1653 is
317 1633 389 1652 even

211 1661 361 1696 possible:

165 1697 245 1723 what
266 1703 356 1722 never
377 1695 410 1728 is,

202 1735 313 1758 cannot
335 1730 379 1757 be.

188 1917 255 1943 God
278 1919 390 1942 cannot

212 1952 302 1978 know
324 1951 373 1976 the

187 1986 338 2012 existence
359 1984 394 2011 of

188 2024 381 2052 niovement3

180 2150 225 2176 He
247 2156 301 2175 can
325 2147 396 2182 only

181 2185 271 2210 know
292 2183 355 2209 that
376 2190 391 2208 a

178 2219 263 2252 thing
284 2217 345 2244 will
369 2217 403 2243 be

225 2252 335 2279 moved
350 2262 356 2285 ;

159 2289 184 2315 if
202 2288 245 2314 He
267 2288 354 2314 knew
375 2286 426 2312 the

189 2323 342 2349 existence
362 2322 397 2347 ot‘

198 2360 384 2386 movement,

210 2394 383 2418 movement

194 2426 294 2453 would
316 2425 402 2452 exist.

216 2461 244 2488 If
262 2460 360 2487 God‘s

161 2495 342 2533 knowledge
363 2494 397 2521 of
415 2502 429 2520 a

207 2538 378 2557 successive

229 2565 315 2598 thing
335 2564 360 2590 is

165 2600 360 2632 continuom,
380 2599 430 2625 the

218 2635 267 2661 the
287 2633 375 2667 thing

159 2670 270 2696 known
294 2672 375 2694 must
396 2667 431 2693 be

230 2712 263 2729 so
282 2707 333 2729 too
348 2713 353 2735 ς

872 301 1095 332 JOHANNIS
1123 301 1306 331 WYCLIF
1358 334 1362 338 .
1595 296 1683 324 CAP.
1706 297 1741 324 X.

432 410 639 456 diligenter
663 408 937 444 examinentur
963 407 1113 455 patebit
1136 409 1242 455 quod
1268 420 1347 443 non
1372 407 1491 443 refert
1514 406 1589 442 illis
1614 407 1744 443 dicere

432 467 652 515 quidquam
688 467 784 512 sore,
820 479 903 502 esse
936 466 995 501 vel
1030 465 1162 515 fuisse,
1197 479 1285 501 cum
1322 465 1532 513 utrobique
1565 465 1745 513 sequitur

431 538 674 573 quoeunque
708 524 775 560 tali
811 533 978 560 vocatur
1012 536 1112 571 pene
1146 523 1250 559 idem
1283 532 1455 571 tempus,
1490 524 1537 558 de
1561 536 1640 571 quo
1664 536 1743 558 non

433 584 550 620 refert
584 582 822 619 enuncciare
856 584 931 618 hoc
965 595 1045 617 non
1078 581 1195 618 fuisse
1228 582 1287 618 vel
1320 582 1423 627 fore3
1465 582 1571 629 quod
1605 590 1744 617 natum

433 651 489 678 cst
514 643 717 677 destruere
739 653 898 676 omnem
925 639 1146 678 veritatem.
1181 641 1293 676 Patet
1317 639 1441 676 eciam
1469 640 1576 687 quod
1610 639 1746 675 onmia
1764 641 1779 672 5

433 712 509 748 que
543 699 696 747 opinati
730 708 821 734 sunt
856 707 1038 734 auctores
1062 698 1121 733 vel
1144 698 1294 745 wulgus
1323 699 1370 734 de
1403 706 1584 745 tempore
1617 698 1746 733 forent

434 758 543 794 falsa.
579 759 707 800 Unde,
743 758 905 804 quando
930 755 1193 804 philosophus
1219 755 1314 792 dicit
1340 768 1429 791 cum
1455 755 1604 803 plebeis
1639 757 1743 803 quod

433 829 526 863 sepe
549 816 781 852 volvebatur
806 815 948 860 celum,
984 815 1186 850 causando
1210 814 1306 860 dies,
1342 826 1510 860 menses,
1544 822 1580 850 et
1608 826 1746 859 annos,

434 874 509 909 ista
533 873 708 909 stulticia
731 872 827 908 dicit
851 874 958 920 quod
982 884 1188 920 nunquam
1214 871 1288 907 nisi
1321 872 1456 916 semel,
1492 871 1585 920 quia
1618 872 1745 907 solum

435 944 516 967 uno
550 931 626 977 die,
661 931 728 979 qui
761 939 851 966 sunt
885 943 1023 966 omnes
1058 929 1155 979 dies,
1190 938 1226 966 et
1251 942 1340 966 cum
1367 929 1512 965 mobile
1545 930 1594 965 sit
1626 929 1746 978 idem,
1770 941 1806 961 ιο

436 989 615 1037 spacium
664 989 783 1033 idem,
830 997 867 1024 et
906 998 1064 1036 tempus
1104 987 1224 1033 idem,
1270 987 1401 1024 omnis
1439 987 1639 1024 revolucio
1673 1000 1748 1035 que

436 1047 509 1083 fuit
533 1056 617 1083 erat
642 1046 844 1083 revolucio
868 1055 962 1082 tunc
986 1047 1130 1082 futura.
1156 1048 1203 1082 Et
1227 1046 1475 1082 examinetur
1498 1045 1572 1081 ista
1596 1044 1748 1093 posicio

438 1105 477 1141 in
511 1117 752 1153 quacunque
776 1104 963 1150 sciencia,
999 1113 1035 1140 et
1059 1104 1283 1140 invenietur
1308 1104 1436 1140 maior
1460 1103 1620 1140 fatuitas
1643 1103 1749 1139 solli-

438 1163 552 1199 citari
599 1163 702 1200 circa
748 1162 830 1199 eius
875 1162 1160 1210 probacionem
1208 1175 1328 1210 quam
1374 1162 1501 1210 ipsam
1548 1161 1750 1198 dimittere

440 1231 633 1269 tanquam
668 1230 851 1269 patenter
884 1233 1107 1257 erroneam.
1771 1223 1806 1253 15

498 1281 679 1316 Secunda
704 1279 849 1325 fabula,
884 1278 1118 1315 interimens
1142 1278 1288 1313 multas
1311 1276 1623 1325 disputaciones,
1654 1276 1750 1313 dicit

440 1339 547 1386 quod
580 1338 732 1373 nullum
767 1346 940 1384 tempus,
983 1346 1127 1380 motuS,
1162 1345 1229 1372 aut
1262 1335 1544 1380 successivum,
1580 1344 1648 1379 est,
1682 1337 1748 1372 sed

441 1395 511 1431 fuit
550 1395 605 1432 sic
644 1404 680 1431 et
720 1395 805 1431 erit.
862 1396 1011 1431 Contra
1044 1407 1165 1442 quam
1200 1394 1304 1429 viam
1345 1394 1443 1430 alias
1476 1393 1656 1429 diffusius
1690 1406 1750 1429 ar-

439 1466 617 1502 gueram,
654 1454 864 1501 probando
889 1454 996 1500 quod
1022 1465 1064 1488 ex
1087 1453 1162 1488 hoc
1196 1452 1377 1500 sequitur
1411 1452 1564 1487 nullum
1598 1464 1750 1488 succes-

437 1512 563 1548 sivum
599 1511 828 1547 huiusmodi
862 1523 976 1559 posse
1011 1523 1112 1555 esse3
1162 1509 1268 1558 quia,
1304 1523 1391 1546 cum
1428 1518 1574 1558 motus,
1616 1509 1647 1545 si
1682 1519 1809 1555 est‚2o

438 1569 714 1606 denominabit
739 1569 927 1605 mobilem
947 1568 1110 1612 moveri,
1136 1577 1171 1604 et
1195 1577 1351 1616 tempus
1376 1580 1456 1604 rem
1475 1567 1752 1615 temporaliter

439 1630 598 1673 durare,
632 1636 754 1676 patet,
789 1628 819 1663 si
844 1640 924 1663 non
949 1636 1004 1663 est
1029 1628 1136 1674 quod
1161 1626 1308 1662 mobile
1333 1634 1514 1662 movetur
1538 1626 1598 1662 vel
1622 1627 1750 1670 durat,

438 1699 519 1722 non
565 1695 622 1721 est
668 1695 799 1722 motus
843 1686 903 1722 vel
947 1694 1117 1732 tempus,
1170 1686 1217 1720 Et
1262 1684 1317 1720 sic
1352 1696 1424 1720 nec
1460 1692 1589 1720 motus
1623 1693 1753 1731 potest

439 1757 521 1780 esse
567 1745 627 1780 vel
672 1745 773 1790 fore;
820 1743 914 1791 quia
960 1744 1066 1791 quod
1115 1741 1261 1778 mobile
1300 1741 1519 1778 successive
1560 1751 1751 1788 movetur,

440 1815 519 1838 non
553 1811 683 1849 potest
718 1814 801 1838 esse
833 1802 894 1837 vel
926 1802 1023 1838 fore.
1058 1803 1159 1837 Nam
1193 1802 1301 1848 quod
1337 1800 1482 1836 mobile
1518 1801 1753 1836 movebatur
1770 1802 1809 1833 25

441 1869 499 1896 est
534 1869 732 1907 eternum,
766 1868 802 1895 et
835 1871 904 1907 per
938 1871 1187 1907 consequens
1220 1871 1301 1894 non
1335 1867 1391 1894 est
1426 1866 1570 1894 motus.

499 1920 610 1968 Item,
645 1918 751 1954 iuxta
786 1918 887 1953 hanc
920 1917 1038 1963 viam,
1074 1918 1170 1953 deus
1203 1929 1284 1952 non
1318 1925 1446 1964 potest
1475 1915 1576 1952 scire
1601 1924 1751 1952 motum

441 1988 544 2022 esse3
590 1976 683 2024 quia
728 1976 759 2011 si
804 1988 884 2012 non
930 1983 1061 2023 potest
1093 1974 1194 2011 scire
1233 1976 1340 2022 quod
1382 1987 1462 2010 non
1497 1983 1626 2021 potest
1657 1986 1752 2019 esse,

440 2034 560 2081 igitur
605 2047 684 2070 non
730 2042 859 2082 potest
902 2033 1002 2070 scire
1047 2034 1154 2081 quod
1200 2041 1331 2068 motus
1366 2034 1465 2079 [est]‚
1498 2033 1558 2068 vel
1599 2040 1750 2068 motum

442 2105 536 2136 esse,
584 2093 692 2140 quod
738 2091 842 2127 idem
891 2100 960 2128 est.
1014 2092 1061 2126 Et
1106 2103 1176 2138 per
1220 2090 1324 2126 idern
1371 2103 1449 2126 non
1489 2098 1621 2137 potest
1654 2089 1753 2125 scire
1772 2094 1813 2124 30

443 2149 590 2186 mobile
626 2149 788 2195 moveri,
823 2151 891 2186 sed
926 2158 1079 2185 motum
1115 2148 1175 2184 iri.
1210 2148 1251 2184 Si
1285 2147 1388 2184 enim
1416 2149 1511 2184 deus
1537 2147 1754 2195 aliquando

441 2207 558 2244 sciret
593 2216 747 2244 motum
782 2220 880 2255 esse,
914 2207 1131 2255 aliquando
1164 2206 1262 2242 illud
1286 2206 1429 2242 scitum
1463 2214 1576 2243 esset.
1610 2207 1755 2253 Magna

443 2266 563 2313 igitur
608 2265 810 2313 perversio
854 2265 956 2301 foret
1003 2265 1134 2301 dicere
1182 2265 1289 2313 quod
1344 2265 1440 2300 deus
1493 2277 1573 2300 non
1625 2271 1755 2311 potest

445 2336 688 2371 cognoscere
722 2323 818 2359 illud
853 2324 961 2371 quod
995 2322 1225 2370 philosophi
1258 2334 1348 2358 vere
1381 2331 1535 2370 ponunt
1569 2321 1755 2358 sensibile

446 2394 673 2427 commune,
708 2383 756 2417 ab
789 2381 899 2417 omni
932 2393 1048 2417 sensu
1082 2380 1286 2417 noscibile.
1342 2379 1522 2416 Sciencia
1557 2379 1663 2415 enim
1696 2379 1811 2415 ve135

446 2448 502 2475 est
535 2448 659 2484 actm,
694 2440 754 2475 vel
787 2438 958 2483 habitus,
992 2439 1048 2475 ve]
1085 2438 1232 2474 relacio
1272 2450 1348 2486 que
1382 2451 1462 2474 non
1494 2446 1625 2485 potest
1658 2449 1754 2483 esse,

446 2497 521 2533 nisi
555 2497 671 2533 fuerit
704 2497 743 2532 in
776 2496 952 2534 instanti.

505 2557 614 2599 Item,
665 2554 839 2591 sciencia
884 2567 962 2602 qua
1006 2556 1101 2590 deus
1134 2555 1193 2590 vel
1226 2562 1408 2590 creatura
1447 2552 1566 2590 sciret
1600 2561 1752 2588 motum

448 2625 564 2657 esse,v
589 2613 647 2648 vel
691 2621 747 2648 est
793 2612 983 2649 continua
1020 2616 1023 2665 Ι
1058 2612 1116 2648 vel
1162 2611 1398 2659 interrupta.
1465 2611 1506 2648 Si
1551 2610 1754 2654 continua,
1778 2612 1900 2653 13157²¹

446 2679 540 2706 tunc
586 2670 693 2706 iuxta
739 2671 840 2706 hanc
886 2670 989 2707 viam
1037 2669 1180 2706 scitum
1231 2668 1407 2706 manebit
1454 2668 1652 2705 continue.
1715 2667 1814 2711 Si40

448 2727 686 2776 interrupta,
721 2740 791 2776 per
823 2728 928 2764 idem
964 2728 1003 2764 in
1027 2727 1205 2776 quolibet
1233 2727 1396 2764 instanti
1421 2726 1493 2763 erit
1517 2726 1754 2773 interrupta,

522 2886 545 2912 Β,
560 2874 599 2920 ‘fit‘
627 2893 689 2920 pro
711 2893 787 2919 pene
809 2885 840 2911 Β.
943 2885 983 2912 16.
1005 2876 1139 2912 int'imes
1162 2885 1193 2911 Β.
1292 2892 1337 2918 29.
1361 2888 1406 2910 est
1426 2882 1511 2910 deest
1530 2882 1563 2910 B.
1653 2881 1691 2909 31.
1713 2882 1755 2910 ire

449 2929 485 2947 or
507 2929 552 2947 rrc
575 2921 605 2947 ΙὶΑ
695 2919 737 2946 32.
760 2928 826 2947 csse
847 2919 878 2946 Β.
968 2928 1019 2953 40.
1042 2919 1132 2946 situm
1157 2919 1187 2945 B.
