1996 3322
161 271 235 308 194

152 382 231 409 Here
257 382 266 408 1
287 382 415 408 wonder

182 419 250 444 liow
271 417 398 444 modern

879 267 1102 298 ,IOHANNIS
1130 268 1313 299 WYCt.1F
1604 266 1691 294 CAP.
1715 267 1749 294 X.

505 376 551 409 Et
586 374 648 409 hic
682 374 860 410 admiror
894 375 1098 421 quomodo
1133 375 1313 410 moderni
1347 388 1425 422 non
1461 377 1670 412 advertunt
1703 378 1751 412 ad

153 453 272 479 writers
293 460 347 478 cau
371 431 672 483 Davlocuciones
706 444 796 467 suas
832 433 879 467 de
913 431 1121 479 prioritate
1154 442 1191 468 et
1225 432 1520 479 posterioritate
1545 434 1751 482 temporis,

152 496 186 514 50
208 488 279 514 little
302 486 374 513 liecd
398 482 427 512 ti»

205 522 282 548 tlicii·
302 529 371 547 own

443 492 490 525 de
524 489 784 525 difformitate
820 498 950 525 motus
984 502 1063 537 quo
1097 492 1146 526 ad
1181 499 1338 538 tempus
1379 494 1434 536 (et
1466 491 1521 527 510
1554 493 1602 528 de
1635 492 1751 537 aliis),

161 549 488 591 expressionsmitle
535 547 913 595 comparacionibus
967 547 1264 584 includentibus
1320 550 1444 585 multa
1498 562 1580 585 esse
1645 559 1752 587 extra

167 594 249 619 tliese
271 590 413 624 subit-cis,

182 626 281 652 wliicli
304 625 400 660 imply

199 661 260 687 tliat
283 668 374 694 many

187 695 289 729 things
310 694 386 721 exist

166 730 266 757 wliicli
288 737 338 756 are
359 733 409 755 not

224 769 356 798 present.

232 799 258 826 n·
277 803 339 833 not,

200 838 373 860 movement

163 869 253 895 could
278 870 353 895 nave
374 876 413 895 no

165 903 330 938 beginning
352 911 407 930 nor

159 939 234 971 end;
257 938 361 972 design
384 938 412 964 in

175 978 291 1006 nature,
314 972 402 999 merit

181 1007 238 1034 and
261 1007 402 1040 demerit,

164 1043 263 1069 would
288 1042 407 1077 pe1·isli;

210 1078 286 1104 tliett
306 1077 365 1104 and

165 1112 308 1146 lianging,
331 1112 415 1138 work

193 1147 251 1173 and
274 1146 386 1180 liealtli,

159 1182 258 1209 satlier
278 1181 336 1208 and
357 1190 427 1215 son,

170 1217 322 1250 privation
344 1216 402 1243 and

190 1251 386 1286 productim),

154 1286 256 1313 would
279 1295 318 1313 no
340 1295 427 1314 more

165 1322 200 1348 be
221 1329 329 1348 causes
351 1322 409 1349 and

232 1355 347 1382 crsects.

182 1390 252 1418 And
275 1391 404 1425 nothing

153 1426 242 1452 could
261 1425 380 1460 liappen
397 1427 426 1453 in

152 1461 252 1488 wliicli
269 1461 351 1488 tliere
368 1469 428 1487 was

176 1505 190 1523 a
211 1494 321 1531 before
342 1496 400 1523 and

156 1539 192 1557 an
213 1531 414 1567 afterwards.

164 1903 285 1929 blessed
309 1902 347 1927 bc
367 1902 415 1927 tlie

154 1937 246 1969 Lora,
269 1936 337 1962 who
355 1935 424 1962 liatli

153 1971 346 2006 enliglitened
369 1979 418 2005 my

172 2006 268 2038 mind,
290 2014 324 2032 5ο
345 2005 408 2032 tliat

164 2041 176 2068 l
196 2049 305 2075 escape
326 2040 409 2067 tlicsc

222 2075 326 2102 straits
342 2075 347 2102 ¹.

181 2110 262 2137 Tliat
283 2109 352 2137 (jod
373 2109 398 2136 is

182 2145 295 2171 certain
318 2153 350 2170 as
371 2149 400 2170 to

183 2180 281 2206 future
302 2178 404 2213 things

212 2215 316 2240 makes
336 2221 375 2251 no

171 2249 335 2283 dit‘ticiilty3
357 2250 404 2274 tor

180 2283 263 2310 tllere
284 2283 309 2309 is
331 2282 402 2308 botli

189 2317 391 2352 contingency

171 2352 230 2379 ancl
253 2351 414 2386 necessity.

154 2388 166 2414 1
187 2395 234 2414 am
257 2386 339 2421 quite
360 2386 420 2412 free

164 2426 215 2448 not
233 2426 263 2448 to
284 2425 329 2448 act
351 2420 421 2447 tllns

223 2465 257 2483 or
277 2456 357 2488 ttius,

177 2492 229 2518 bnt
250 2491 309 2518 this
330 2491 403 2517 does

188 2531 242 2553 not
264 2525 391 2552 exclude

183 2560 402 2596 hypothetical,

166 2598 238 2635 only
259 2595 409 2628 absolute,

201 2630 325 2663 Violent,
346 2637 381 2656 or

233 2665 350 2692 natural

207 2699 367 2734 necessity.

444 618 617 653 presens.
665 605 789 641 Aliter
834 605 937 641 enim
984 618 1064 640 non
1110 615 1209 642 esset
1245 606 1433 654 possibile
1480 616 1631 643 motum
1667 610 1786 644 suc-5

443 663 635 699 cessivum
672 664 730 699 vel
776 663 951 698 subitum
985 662 1206 709 terminari,
1259 665 1318 700 vel
1351 665 1497 701 habere
1535 665 1751 702 terminum

444 734 465 757 a
499 734 577 769 quo
631 721 691 756 vel
738 720 955 756 terminum
1001 722 1049 757 ad
1097 734 1227 769 quem,
1280 723 1341 758 vel
1394 732 1579 759 naturam
1634 737 1752 771 agere

444 789 610 827 propter
636 779 753 814 tinem
779 778 954 815 accionis
978 791 1058 828 sue,
1091 792 1162 816 nec
1197 779 1384 816 meritum
1418 782 1478 817 vel
1512 782 1752 818 demeritum

442 849 524 873 esse
558 849 718 873 causam
753 849 853 884 pene
885 837 945 873 vel
978 836 1139 885 premii,
1184 850 1255 873 nec
1298 838 1447 874 furtum
1494 848 1623 886 potest
1670 853 1752 876 esse

442 906 560 930 causa
594 893 879 942 suspensionis,
912 907 983 931 nec
1016 895 1129 931 labor
1153 908 1272 932 causa
1304 895 1502 942 sanitatis,
1536 899 1608 933 n'ec
1640 907 1753 945 pater

442 964 561 988 causa
603 952 686 997 filii,
734 965 806 988 nec
852 952 1030 1000 privacio
1084 953 1327 1001 principium
1363 954 1628 1001 producendi,
1681 969 1752 992 nec

444 1022 550 1046 mors
584 1011 643 1046 vel
677 1010 765 1045 fons
798 1009 875 1046 vite
909 1010 997 1046 aliis
1032 1020 1161 1058 potest
1195 1024 1297 1060 esse3
1340 1024 1412 1048 nec
1445 1012 1589 1060 aliquis
1622 1022 1754 1061 potest

443 1068 648 1104 ambulare
694 1069 752 1104 vel
799 1067 930 1104 dicere
964 1078 1262 1120 argumentum,
1314 1082 1387 1106 nec
1432 1070 1583 1119 aliquid
1624 1080 1754 1118 potest

443 1137 526 1161 esse
560 1135 650 1162 ante
684 1135 841 1173 tempus
873 1127 933 1162 vel
972 1136 1062 1174 post
1096 1126 1202 1163 aliud
1236 1127 1406 1173 instans·,
1460 1137 1496 1164 et
1529 1128 1585 1164 sic
1617 1129 1753 1166 onmia

444 1183 639 1231 incipiunt
674 1193 710 1219 et
744 1185 888 1220 desunt
913 1197 1009 1230 esse,
1045 1197 1133 1221 cum
1168 1198 1250 1221 non
1284 1185 1356 1222 erit
1380 1195 1537 1234 tempus
1569 1187 1754 1236 amplius.
1794 1193 1804 1224 .“

444 1241 482 1277 Si
518 1241 620 1277 enim
655 1243 687 1277 A
721 1241 794 1278 erit
829 1251 916 1289 post
950 1243 1039 1288 hoc,
1074 1252 1167 1279 tunc
1201 1243 1389 1291 possibile
1414 1253 1470 1280 est
1492 1246 1524 1280 A
1548 1257 1631 1281 esse
1665 1255 1754 1293 post

445 1300 532 1339 hoc,
568 1308 603 1335 et
637 1309 730 1335 tunc
765 1299 954 1347 possibile
988 1310 1044 1337 est
1078 1301 1397 1339 anterioritatem
1429 1302 1488 1338 vel
1522 1303 1753 1350 posteriori-

444 1365 564 1393 tatem
601 1370 696 1403 esse,
738 1366 774 1393 et
818 1357 873 1394 510
913 1358 1164 1406 prioritatem
1206 1369 1242 1396 et
1281 1359 1633 1408 posterioritatem.
1686 1363 1754 1398 Se-

444 1414 582 1462 quitur
615 1415 740 1451 enim:
795 1428 868 1466 ego
900 1429 982 1452 sum
1018 1424 1103 1453 ante
1134 1418 1181 1463 B,
1222 1430 1319 1468 ergo
1351 1430 1434 1455 sum
1463 1418 1577 1467 prius
1609 1426 1753 1468 tempo-

444 1473 582 1508 raliter
614 1485 725 1521 quam
761 1474 806 1511 Β.
842 1475 889 1510 Et
922 1473 976 1510 ita
1010 1476 1057 1510 de
1086 1482 1187 1524 post,
1236 1475 1329 1523 quia
1374 1475 1489 1512 aliter
1533 1489 1613 1512 non
1653 1486 1754 1513 esset

444 1530 630 1578 possibile
663 1532 770 1579 quod
804 1545 927 1568 unum
952 1534 1141 1569 succedat
1174 1534 1233 1569 vel
1267 1535 1455 1581 precedat
1479 1534 1755 1582 temporaliter

444 1588 565 1638 aliud,
600 1601 689 1625 cum
725 1602 798 1637 pro
833 1602 1018 1627 mensura
1052 1603 1125 1638 pro
1159 1604 1236 1639 qua
1269 1600 1360 1628 sunt
1393 1591 1525 1642 simul,
1566 1602 1752 1629 neutrum

444 1655 500 1682 est
534 1647 811 1694 temporaliter
835 1657 922 1695 post
955 1649 1130 1685 velante
1153 1648 1366 1697 reliquum.
1402 1651 1490 1686 Non
1523 1650 1627 1686 enim
1662 1663 1754 1687 con-

443 1705 666 1740 cedendum
702 1714 759 1741 est
794 1707 901 1753 quod
926 1707 1022 1742 deus
1055 1705 1149 1742 facit
1178 1706 1312 1755 aliqua
1336 1709 1415 1744 duo
1439 1707 1615 1756 incipere
1649 1721 1751 1755 esse,

443 1772 480 1798 et
512 1762 542 1798 si
578 1772 838 1810 cognosceret
890 1777 1014 1800 unum
1064 1777 1179 1812 posse
1224 1764 1383 1802 differre
1416 1778 1437 1802 a
1470 1765 1640 1816 reliquo,
1693 1767 1753 1803 vel
1794 1772 1807 1803 ζ

442 1821 611 1856 alterum
660 1820 819 1857 illorum
865 1821 1049 1858 ordinate
1089 1835 1204 1870 posse
1238 1822 1335 1869 fieri,
1381 1823 1464 1871 ipse
1498 1837 1577 1860 non
1609 1824 1664 1861 sic
1698 1825 1751 1860 fa-

443 1887 559 1915 ceret.
608 1878 845 1915 Benedictus
893 1879 941 1915 sit
973 1892 1066 1928 ergo
1100 1880 1288 1917 dominus
1321 1881 1529 1930 temporis,
1564 1882 1630 1930 qui
1663 1882 1752 1918 illu-

443 1935 568 1971 minat
622 1946 796 1972 mentem
848 1950 976 1974 meam
1018 1951 1139 1986 supra
1191 1947 1349 1987 tempus
1409 1941 1458 1976 ad
1504 1941 1750 1976 evadendum

442 1993 565 2030 libere
597 2006 737 2030 omnes
771 1994 866 2031 istas
901 1996 1104 2043 angustias
1137 1996 1299 2044 spiritus
1332 1997 1372 2033 in
1406 1997 1623 2045 loquendo.

502 2053 581 2087 Nec
617 2061 748 2088 movet
782 2051 997 2090 difficultas
1036 2055 1084 2090 de
1116 2054 1342 2091 assercione
1383 2054 1445 2091 dei
1479 2064 1661 2103 respectu
1695 2056 1784 2095 fu—?

442 2118 638 2155 tui-orum,
684 2111 789 2158 quod
824 2110 1012 2148 utrolibet
1056 2121 1114 2148 est
1147 2111 1220 2148 sibi
1262 2122 1425 2149 causata
1458 2113 1670 2159 certitudo,
1716 2123 1752 2150 et

442 2166 495 2202 ita
529 2166 647 2203 simul
671 2167 709 2203 in
735 2181 856 2203 unum
882 2168 1163 2217 contingencia
1198 2178 1234 2206 et
1266 2170 1495 2208 necessitas.
1529 2173 1612 2219 Ego
1645 2171 1750 2207 enim

442 2223 643 2261 liberrime
675 2238 838 2273 possum
862 2238 944 2262 non
966 2227 1105 2263 fecisse
1129 2239 1410 2276 quemcunque
1434 2237 1582 2278 actum,
1616 2242 1752 2276 ymmo

442 2294 521 2317 non
554 2295 639 2318 esse
672 2296 744 2330 pro
776 2296 896 2330 nunc,
949 2297 1038 2320 cum
1085 2297 1203 2321 omne
1252 2298 1375 2321 unum
1422 2288 1529 2334 quod
1579 2299 1662 2322 non
1695 2296 1752 2323 est

442 2340 622 2376 absolute
655 2341 926 2378 necessarium
974 2351 1031 2378 est
1077 2343 1313 2390 contingens
1359 2344 1408 2379 ad
1448 2344 1682 2380 utrumlibet
1715 2354 1751 2380 et
1794 2351 1805 2357 '

441 2397 710 2433 necessarium
757 2411 799 2434 ex
843 2399 1138 2447 supposicione.
1193 2400 1232 2437 Si
1279 2413 1372 2448 ergo
1420 2410 1520 2438 esset
1572 2403 1752 2439 absolute

442 2455 710 2491 necessarium
744 2457 879 2493 omnia
912 2457 1044 2494 futura
1077 2458 1247 2501 evenire,
1281 2459 1340 2495 vel
1370 2459 1604 2496 necessitate
1638 2472 1751 2496 coac-

443 2511 582 2563 cionis,
621 2514 680 2549 vel
714 2517 758 2562 3⁰
787 2514 1025 2552 necessitate
1057 2516 1231 2552 naturali
1255 2517 1486 2553 excludente
1509 2516 1750 2562 libertatem,

442 2569 588 2617 periret
624 2571 824 2609 meritum.
858 2573 978 2609 Modo
1013 2582 1070 2609 est
1102 2573 1373 2610 necessarium
1409 2574 1609 2619 meritum,
1657 2588 1750 2612 con-

442 2627 705 2675 siliacionem,
753 2642 888 2665 casum
923 2639 959 2666 et
992 2630 1193 2668 fortunam
1241 2644 1342 2668 esse:
1395 2645 1488 2679 ymo
1522 2632 1748 2680 potenciam
1765 2648 1810 2679 40

523 2828 551 2852 9.
575 2808 613 2845 ιῖῦ
636 2819 676 2852 pt'
698 2819 727 2846 l’„
856 2828 894 2854 ¹3-
922 2810 969 2847 aff]
988 2828 1048 2855 pro
1068 2826 1283 2855 argumentum
1307 2822 1338 2848 15.
1465 2829 1510 2849 20.
1542 2823 1564 2849 l}
1598 2823 1682 2850 deest
1715 2823 1748 2850 1³.

443 2874 487 2901 Εὐ.
510 2874 643 2910 ufficone
663 2876 695 2903 Β.
786 2877 825 2904 31.
848 2867 913 2904 ἔξω
934 2878 966 2905 Β,
