1996 3322
181 291 232 338 36

228 417 273 439 ΜΓ
295 412 323 438 in
347 421 404 438 one

203 455 301 480 sense,
325 448 428 473 halvcs

239 487 319 508 must
341 487 395 508 not

192 517 378 552 necessarily
402 516 435 542 bc

266 552 366 586 equah

233 587 349 621 though
372 586 400 613 in

208 621 338 648 another
358 621 426 656 they

266 661 357 683 must.

244 1110 392 1136 Aristotle

182 1153 293 1179 proves
315 1144 443 1179 nothing

216 1183 362 1214 contrary
383 1184 413 1206 to

277 1214 348 1241 this.

252 1248 379 1276 Neither

200 1284 437 1318 geometricians

217 1327 272 1346 nor
293 1319 412 1346 natural

211 1353 429 1388 philosophers

195 1389 270 1415 have
290 1388 439 1424 anything

190 1429 220 1450 to
241 1423 280 1451 do
301 1424 382 1457 here,
403 1423 451 1450 for

199 1459 269 1485 thev
289 1458 432 1485 consider

239 1490 343 1528 things
363 1501 396 1520 as

212 1528 378 1563 belonging
397 1532 426 1554 to

191 1563 370 1599 cxperience
390 1563 448 1590 and

269 1606 367 1624 sense.

190 1633 269 1660 Now
290 1634 340 1659 the
361 1632 448 1667 point

193 1669 217 1695 is
238 1672 291 1695 not
312 1667 455 1697 sensible,

248 1710 305 1729 nor
325 1710 398 1728 even

218 1737 418 1772 imaginable.5

210 1773 232 1799 it
255 1772 380 1806 belongs
399 1777 429 1798 to

210 1807 260 1834 the
282 1806 428 1846 province

305 1845 335 1869 ot

211 1875 433 1912 metaphysics.

197 1922 245 1949 No
266 1922 397 1950 number
417 1923 450 1948 of

205 1958 387 1985 substances
408 1965 442 1983 or

206 1993 309 2027 points
330 2000 385 2019 can
408 1991 442 2018 be

213 2027 345 2061 infiniteq
368 2026 436 2053 God

223 2063 311 2089 alone
331 2061 357 2089 is
378 2070 423 2088 so,

224 2096 292 2124 God
316 2097 424 2123 knows

234 2132 303 2158 how
325 2139 415 2166 many

223 2167 326 2202 points
346 2174 384 2201 go
403 2171 432 2192 to

232 2202 321 2229 make
341 2209 380 2235 up
402 2209 416 2226 a

206 2244 315 2271 square
336 2244 371 2262 or
391 2243 448 2270 any

223 2271 312 2298 other
333 2270 427 2304 figure

222 2306 287 2333 that
306 2313 362 2332 can
385 2305 419 2331 be

218 2339 374 2375 perceived
398 2339 434 2374 by

230 2376 279 2403 the
300 2382 416 2402 senses.

276 2549 300 2575 11*
319 2556 376 2574 one

220 2583 291 2617 line,
313 2591 340 2609 v.
361 2590 389 2616 g.
413 2582 436 2608 is

207 2619 295 2644 twice
316 2625 348 2644 as
369 2617 440 2651 long

207 2661 240 2679 as
260 2652 398 2685 another,
420 2653 440 2678 it

204 2686 343 2715 contains
363 2685 453 2713 twice

258 2730 291 2748 as
312 2728 402 2756 many

262 2756 382 2791 points:

203 2792 256 2818 but
277 2799 322 2818 we
341 2796 452 2818 cannot

210 2827 300 2853 know
321 2825 439 2860 exactly

904 296 1127 327 JOHANNIS
1157 296 1338 327 WYCLIF
1615 292 1703 319 CAl'·
1727 292 1775 319 IX-

470 403 704 450 imparibus.
739 404 855 438 habet
892 401 1143 440 medietates:
1178 401 1269 450 quia
1303 402 1403 438 sicut
1439 401 1613 437 medium
1650 402 1776 449 dupli-

470 460 760 503 cite1·dicitur‚
818 461 877 496 vel
926 472 996 507 per
1029 459 1342 507 abnegacionem
1390 469 1672 499 extremorum,
1718 460 1777 496 vel

471 531 539 567 per
573 531 672 566 eque
697 518 932 554 distanciam
970 520 1018 553 ab
1053 517 1251 561 extremis,
1287 517 1341 553 sic
1367 527 1422 554 est
1456 519 1549 554 dare
1574 517 1774 565 duplicem

472 577 750 614 medietatem:
786 576 950 624 scilicet)
999 576 1268 621 medietatem,
1304 588 1380 623 que
1414 585 1471 612 est
1505 588 1595 623 pars
1628 575 1778 623 simpli-

469 635 566 672 citer
599 636 801 682 subdupla
834 635 884 670 ad
917 634 1215 670 indivisibiliter
1248 635 1335 681 plus
1358 635 1418 669 vel
1444 634 1574 670 minus
1598 646 1668 670 suo
1693 637 1810 670 tota?

473 696 527 739 (et
561 693 692 729 taliter
725 692 903 741 loquitur
932 692 1209 728 arithmeticus
1243 693 1290 727 de
1326 692 1541 728 medietate
1576 691 1716 728 maiori
1742 701 1778 727 et

472 751 684 788 medietate
710 750 854 787 minori
870 749 1025 786 numeri
1051 750 1243 798 imparis).
1286 751 1332 785 Et
1359 755 1403 786 20
1429 751 1563 788 modo,
1598 751 1665 786 sed
1698 762 1778 785 non

470 809 616 858 primo,
665 810 783 844 habet
829 808 959 844 omnis
1006 807 1209 856 quantitas
1257 807 1505 854 medietates,
1546 808 1568 845 i.
1605 821 1636 844 e.
1681 809 1778 844 duas

470 877 603 915 partes
648 866 932 915 quantitativas
977 866 1381 911 incommunicantes,
1428 878 1598 914 quarum
1639 874 1778 902 neutra

470 924 764 961 indivisibiliter
798 924 949 960 excedit
984 924 1179 972 reliquam
1214 933 1343 960 totum
1370 923 1565 972 equaliter
1589 924 1779 960 constitu-

470 992 592 1023 entes,
633 983 724 1020 licet
769 982 967 1019 ternarius
1008 991 1044 1018 et
1082 982 1212 1018 omnis
1253 982 1454 1030 quantitas
1494 983 1639 1019 habeat
1682 983 1779 1018 duas

471 1042 704 1078 medietates
737 1041 898 1089 equales
932 1042 980 1077 ad
1015 1040 1136 1076 alium
1171 1053 1344 1076 sensum.

526 1102 606 1136 Nec
640 1101 889 1135 demonstrat
922 1098 1155 1134 Aristoteles
1189 1099 1434 1146 oppositum,
1475 1099 1576 1134 sicut
1610 1110 1683 1134 nec
1716 1099 1779 1133 de-

471 1166 680 1203 monstrat,
715 1157 744 1193 si
780 1158 942 1205 aliquod
978 1157 1026 1192 sit
1061 1157 1226 1202 instans,
1273 1156 1403 1204 ipsum
1447 1166 1503 1192 est
1535 1155 1777 1204 principium

470 1216 585 1252 unius
620 1215 812 1263 temporis
843 1212 847 1267 Ι
877 1224 913 1251 et
948 1215 1036 1250 finis
1072 1215 1257 1254 alteriusz
1293 1227 1382 1250 cum
1418 1215 1594 1262 primum
1629 1214 1780 1250 instans

471 1287 552 1310 non
585 1274 776 1321 precessit
810 1274 961 1309 instans
994 1274 1053 1309 vel
1087 1282 1258 1322 tempus,
1291 1274 1357 1308 sed
1392 1272 1498 1320 capit
1532 1272 1629 1308 alias
1662 1271 1782 1319 signi-

471 1331 686 1368 ficaciones
732 1344 773 1368 ex
820 1331 983 1367 famosis
1032 1331 1161 1367 modis
1206 1331 1397 1378 loquendi
1445 1330 1779 1378 philosophorum

473 1389 732 1436 naturalium,
773 1402 945 1438 quorum
986 1402 1065 1425 non
1108 1388 1273 1425 interest
1314 1397 1487 1425 tractare
1521 1389 1568 1424 de
1602 1388 1781 1436 partibus

471 1447 754 1496 punctualibus
778 1448 817 1483 in
833 1447 1089 1495 philosophia
1113 1447 1300 1496 naturali,
1317 1447 1356 1483 in
1379 1460 1457 1495 qua
1482 1448 1782 1482 demonstratur

471 1519 592 1543 causa
625 1518 694 1554 per
729 1506 905 1549 effectus,
940 1505 1291 1541 demonstracione
1323 1506 1409 1554 quia
1444 1513 1511 1551 est,
1537 1504 1649 1541 cuius
1674 1503 1781 1552 prin-

472 1564 621 1612 cipium
656 1573 713 1600 est
747 1563 996 1611 experiencia
1030 1564 1088 1599 vel
1127 1575 1278 1599 sensus.
1321 1565 1494 1599 Punctus
1535 1571 1667 1599 autem
1701 1575 1782 1598 non

472 1631 529 1659 est
561 1621 759 1658 sensibilis
792 1623 851 1658 vel
885 1621 1187 1669 ymaginabilis3
1233 1621 1323 1657 ideo
1356 1630 1551 1657 tractatus
1585 1619 1668 1656 eius
1701 1633 1781 1656 non

472 1680 681 1729 pertinerit
713 1679 939 1727 specialiter
973 1688 1189 1727 geometre,
1231 1679 1298 1727 qui
1332 1680 1460 1715 solum
1496 1680 1544 1715 de
1577 1678 1782 1726 ymagina-

473 1738 618 1775 bilibus
671 1746 889 1785 pertractat
923 1737 1086 1777 directe,
1152 1737 1253 1773 sicut
1305 1749 1378 1773 nec
1429 1736 1601 1773 naturali
1654 1736 1782 1784 philo-

474 1798 615 1845 sopho,
671 1796 748 1832 Sed
794 1795 890 1831 illud
937 1797 1256 1832 conservandum
1304 1804 1361 1831 est
1416 1794 1692 1842 metaphysico
1746 1803 1816 1830 et-

473 1853 729 1891 aristoteli-co.

534 1913 648 1949 Unde
682 1911 929 1959 impossibile
963 1920 1020 1947 est
1053 1913 1160 1959 quod
1201 1911 1344 1959 aliquis
1379 1923 1567 1946 numerus
1602 1911 1782 1946 substan-

476 1970 627 2007 ciarum
661 1970 720 2006 vel
753 1978 1011 2017 punctorum.
1037 1970 1096 2005 vel
1129 1969 1237 2005 aliud
1261 1977 1394 2016 preter
1417 1970 1534 2004 deum
1559 1969 1607 2005 sit
1631 1968 1784 2015 simpli-

477 2028 573 2065 citer
606 2027 823 2073 infinitum,
857 2040 946 2063 cum
981 2027 1113 2063 omnis
1147 2027 1236 2063 talis
1275 2039 1466 2063 numerus
1507 2028 1625 2063 habet
1665 2028 1781 2062 deum

477 2087 595 2122 finem
631 2099 747 2121 suum
783 2085 1025 2122 extrinsecus
1056 2085 1258 2121 finientem
1286 2094 1321 2121 et
1344 2085 1528 2120 ultimum
1555 2085 1637 2121 eius
1662 2097 1784 2132 punc·
1802 2086 1817 2116 '3

477 2145 583 2180 tuale
625 2143 765 2179 finiens
803 2143 1054 2180 intrinsecus.
1099 2145 1243 2178 Ymmo
1279 2144 1374 2178 deus
1399 2142 1493 2178 satis
1526 2142 1655 2179 noscit
1688 2155 1784 2190 quo-

479 2203 598 2238 modo
631 2214 749 2237 omne
782 2202 1024 2249 quadratum
1061 2214 1130 2248 per
1163 2214 1204 2236 se
1237 2199 1427 2237 sensibile
1472 2201 1696 2248 integratur
1742 2212 1783 2236 ex

478 2259 658 2307 partibus
712 2258 889 2294 minimis
943 2268 978 2295 et
1030 2258 1237 2306 principiis
1290 2271 1428 2295 eorum
1476 2257 1784 2294 indivisibilibus

479 2316 703 2353 cumulatis.
737 2319 785 2352 Et
823 2316 879 2352 sic
918 2316 1063 2352 dicitur
1102 2317 1148 2352 de
1189 2316 1367 2364 qualibet
1406 2316 1483 2352 alia
1518 2316 1644 2364 figura
1677 2315 1784 2363 prin-

479 2375 627 2423 cipiata
679 2376 726 2410 ab
779 2373 1087 2410 indivisibilibus
1133 2374 1253 2421 primi
1299 2374 1469 2420 numeri,
1525 2383 1566 2410 ut
1611 2373 1816 2422 figurati?

478 2433 596 2469 Novit
641 2432 766 2468 eciam
812 2432 851 2467 in
897 2445 975 2480 qua
1009 2431 1275 2479 proporcione
1320 2432 1548 2480 quicunque
1594 2443 1784 2468 numerus

478 2499 719 2539 punctorum
755 2502 794 2526 se
829 2490 948 2526 habet
981 2491 1030 2525 ad
1063 2490 1205 2536 aliumg
1241 2499 1277 2526 et
1298 2491 1345 2526 de
1378 2489 1462 2526 istis
1496 2491 1689 2526 habemus
1711 2502 1784 2526 nos

479 2547 784 2596 inseparabilem
821 2547 1110 2595 ignoranciam.
1136 2547 1293 2584 Scimus
1326 2556 1463 2584 tamen
1495 2549 1616 2596 quod,
1641 2547 1672 2583 si
1705 2559 1784 2583 una

479 2606 583 2643 linea
616 2605 735 2642 fuerit
776 2601 852 2641 29¹³
893 2607 941 2641 ad
983 2605 1119 2651 aliam,
1165 2614 1261 2642 tunc
1309 2617 1499 2642 numerus
1543 2613 1783 2653 punctorum

1802 937 1838 957 10

1805 1220 1926 1252 l3itt''

1823 2096 1843 2112 ί)

480 2664 562 2700 eius
596 2673 653 2700 est
676 2663 819 2711 duplex
852 2664 901 2700 ad
926 2675 1137 2699 numerum
1172 2671 1413 2711 punctorum
1439 2663 1625 2700 alterius:
1660 2671 1697 2699 et
1729 2662 1784 2698 sic
1798 2672 1843 2702 40

479 2724 527 2759 de
574 2721 782 2758 similibus.
826 2723 1141 2769 Verumptamen
1189 2734 1268 2757 non
1313 2734 1524 2769 possumus
1569 2720 1669 2757 scire
1707 2719 1782 2756 nisi

548 2876 571 2894 2.
593 2867 707 2894 abnc⁰¹¹¹
728 2868 760 2893 15.
835 2875 860 2901 7.
889 2867 946 2893 isto
964 2874 1024 2901 pro
1045 2873 1074 2893 2⁰
1101 2867 1133 2893 P..
1208 2866 1323 2901 :23-21.
1340 2867 1461 2902 ymagffl‘
1482 2867 1512 2894 n.
1595 2867 1638 2894 20.
1653 2866 1782 2893 aris-0013.

478 2924 519 2951 32.
541 2916 585 2957 ,μῖ
602 2924 632 2951 Β.
707 2922 821 2957 33—34.
844 2925 938 2958 exin-e
960 2925 989 2950 ις.
