1996 3322
162 304 214 337 0&

161 483 184 509 lt
206 482 230 508 is
251 482 334 516 quite
356 481 429 507 tals„-

188 523 217 543 to
239 521 327 551 lancy
348 516 408 542 tluu

178 552 227 578 the
250 560 332 578 rarer
354 559 411 585 any

171 588 300 613 clement
320 587 354 614 is.
377 586 427 612 tlte

180 623 239 648 less
260 622 294 647 of
313 625 420 647 matter

198 657 218 683 it
240 656 394 683 contains.

164 760 215 789 Βῆ.
237 761 337 787 There
352 760 377 787 is
399 768 437 786 no

211 796 391 830 experience

213 832 314 857 where
336 830 386 857 tlte

211 874 315 892 senses
338 873 396 891 err.

181 900 192 926 Ι
214 908 289 927 once
309 909 373 926 was
394 908 428 925 so

192 935 306 962 foolish
328 944 360 961 as
381 939 411 960 10

194 970 280 996 tbinlt
301 970 364 996 that
385 978 399 995 a

174 1006 310 1039 pigment
332 1004 431 1031 mixed

172 1040 245 1066 with
267 1040 350 1066 earth
373 1047 435 1065 was

166 1074 351 1101 coextended
368 1074 439 1100 witli

177 1110 208 1140 it,
232 1110 361 1136 because
381 1109 430 1135 the

208 1145 314 1171 coloni·
335 1152 398 1169 was

211 1179 394 1213 apparently

196 1222 285 1249 every
295 1223 318 1239 w
326 1214 406 1240 bere.

213 1412 279 1438 The
301 1411 399 1438 forins

181 1447 331 1480 resulting
354 1446 431 1472 fron]

197 1481 407 1508 combination

248 1524 297 1542 are
320 1520 371 1542 not

186 1550 421 1586 quantitatively

211 1586 408 1621 everywhere

260 1620 289 1646 in
312 1621 360 1646 tlte

208 1655 399 1689 componnd.

184 1690 286 1717 XVhen
308 1689 397 1716 xvood
420 1689 444 1715 is

179 1726 280 1758 burnt,
302 1725 351 1751 the
373 1725 443 1758 fiery

208 1760 266 1787 and
289 1767 419 1793 gaseous

270 1799 353 1829 parts

236 1829 347 1856 ascend
369 1837 407 1855 on

177 1864 260 1899 high,
283 1864 334 1890 but
356 1872 446 1890 never

191 1899 314 1925 become
336 1899 433 1933 larger

178 1935 249 1960 than
271 1934 339 1969 they
361 1942 449 1960 were.

195 2050 228 2076 In
250 2049 309 2076 this
330 2057 399 2076 case
420 2057 434 2075 a

191 2088 274 2118 great
295 2085 433 2119 quantity

193 2119 227 2145 of
245 2119 295 2146 tire
317 2119 375 2145 and
398 2120 442 2145 nir

205 2154 230 2180 is
251 2153 425 2187 generated,

193 2188 251 2214 and
274 2189 342 2215 secl<
364 2189 443 2215 their

181 2224 298 2249 natural
316 2223 453 2257 spbeoes,

239 2258 328 2284 while
347 2258 397 2284 the

195 2293 340 2327 previous
362 2293 441 2319 form

235 2328 282 2360 (of
300 2327 401 2360 wood)

245 2362 391 2396 perisbeS.

217 2397 292 2423 l-leat
314 2397 413 2423 unites

200 2432 430 2465 liomogeneous

199 2467 257 2493 and
280 2467 436 2500 disperses

201 2501 441 2534 heterogencous

224 2536 412 2562 substances.

893 306 1116 336 ΑΙΟΗΑΝΝΙΞι
1144 305 1327 336 WYCLIF
1604 301 1691 329 CAP-
1712 301 1763 329 IX·

451 414 506 449 sic
553 426 683 449 raram
725 424 795 459 per
842 410 1123 459 gravacionem
1167 420 1270 447 terre
1314 424 1357 447 ex
1391 410 1609 447 commixto
1642 410 1763 446 relico

453 472 666 509 elemento,
712 471 826 506 Unde
873 470 971 505 falsa
1015 478 1052 505 et
1099 469 1363 505 infundabilis
1409 478 1465 505 est
1509 468 1764 516 ymaginacio

454 542 531 578 qua
584 538 749 576 putatur
782 528 1038 572 elementum,
1086 540 1131 563 eo
1177 529 1285 575 quod
1318 527 1460 575 rarius,
1514 539 1558 562 eo
1598 526 1764 574 paucius

454 587 619 623 materie
654 586 878 630 continere3
912 594 954 621 ut
977 585 1129 633 precise
1152 594 1262 621 tanta
1285 584 1335 620 sit
1360 585 1574 620 multitudo
1598 584 1765 620 materie

453 658 568 693 spere
602 644 718 692 ignis,
759 653 909 691 quanta
951 652 1007 680 est
1048 643 1265 679 multitudo
1300 643 1467 679 materie
1500 655 1614 690 spere
1647 651 1766 688 terre,

453 705 511 740 vel
546 702 710 739 alterius
745 701 945 739 elementi.

511 763 571 797 Ad
605 764 663 810 3¹¹¹
700 760 847 796 dicitur
882 760 989 807 quod
1024 771 1134 795 error
1167 770 1305 794 sensus
1347 757 1519 794 excludit
1564 757 1766 806 experien-

456 819 579 865 ciam3
634 831 727 854 nam
782 819 955 854 errando
1008 825 1173 865 putatur
1226 817 1333 864 quod
1378 825 1586 864 gravatum
1634 824 1767 851 manet

455 876 667 924 utrobique
712 875 922 911 inmixtum
965 874 1123 922 corpori
1169 873 1313 910 alieno.
1360 875 1476 910 Unda
1521 875 1570 910 ad
1609 883 1765 910 tantum

457 935 611 982 desipui
635 935 743 982 quod
770 933 904 981 putavi
930 933 1091 975 zimare,
1116 932 1154 967 id
1181 941 1237 968 est
1261 931 1395 967 videre
1412 931 1537 968 eciam
1561 932 1620 968 vel
1643 931 1764 967 alium

456 994 658 1041 pulverem
695 993 958 1037 colorantem,
984 1003 1074 1027 cum
1108 999 1213 1026 terra
1246 990 1400 1038 liquata
1432 990 1492 1026 vel
1524 989 1602 1026 alio
1637 989 1768 1025 misci-

457 1051 525 1087 bili
560 1050 787 1091 coextendi;
822 1051 929 1097 quod
963 1058 1099 1085 tamen
1133 1056 1189 1084 est
1222 1060 1334 1084 error
1358 1047 1591 1084 intellectivi
1615 1047 1767 1083 mania-

458 1122 538 1153 cus,
573 1122 662 1144 cum
699 1108 851 1143 minuta
885 1119 1056 1155 corpora
1080 1106 1187 1142 iuxta
1210 1106 1341 1154 posita
1365 1115 1531 1142 causant
1553 1105 1766 1141 fantasiam

459 1166 604 1203 coloris
651 1166 842 1214 disparis;
889 1165 944 1201 sic
984 1165 1091 1212 quod
1133 1166 1297 1200 credens
1331 1164 1416 1200 solo
1450 1163 1583 1199 sensui
1616 1163 1767 1200 iudicat

460 1226 565 1273 quod
620 1237 689 1272 per
742 1232 870 1260 totum
917 1223 1142 1259 subiectum
1190 1222 1232 1258 fit
1280 1221 1496 1270 disposicio
1543 1221 1768 1270 uniformis,

459 1283 560 1319 sicut
605 1283 644 1318 in
690 1282 870 1318 mixturis
905 1294 1129 1329 pannorum
1166 1289 1202 1316 et
1236 1280 1433 1328 quotlibet
1466 1279 1636 1316 aliorum
1672 1279 1767 1316 arti-

461 1340 649 1377 ficialium
686 1340 882 1387 contingit
916 1339 1019 1376 fieri:
1046 1339 1172 1374 multo
1208 1338 1333 1386 magis
1367 1350 1459 1385 ergo
1493 1337 1533 1373 iu
1567 1337 1767 1373 subtiliori

462 1398 763 1446 composicione
786 1407 940 1434 nature.
966 1399 1013 1433 Et
1036 1396 1112 1432 isto
1147 1397 1266 1431 modo
1286 1395 1484 1443 contingit
1509 1397 1556 1431 de
1580 1395 1768 1431 omnibus

462 1456 728 1505 qualitatibus
763 1452 814 1494 2is
835 1456 896 1491 vel
928 1454 1067 1491 formis
1101 1454 1400 1503 resultantibus,
1442 1455 1550 1501 quod
1584 1462 1642 1489 est
1674 1454 1768 1489 dare

464 1514 629 1551 mixtum
663 1523 895 1562 agregatum
931 1513 984 1549 eis
1017 1511 1262 1558 subiec1um3
1298 1521 1334 1548 et
1366 1524 1447 1547 non
1481 1511 1642 1548 cuilibet
1665 1510 1769 1559 parti

464 1572 727 1621 quantitative
760 1571 927 1608 subiecti
961 1571 1020 1607 sui
1054 1570 1174 1618 primi
1199 1571 1486 1618 correspondet
1510 1568 1770 1617 appropriate

465 1643 556 1679 pars
590 1630 723 1678 aliqua
755 1630 844 1666 talis
868 1630 1014 1676 forme3
1039 1629 1106 1664 sed
1140 1628 1234 1664 satis
1268 1637 1325 1664 est
1349 1629 1456 1676 quod
1481 1627 1643 1663 cuilibet
1666 1626 1770 1675 parti

466 1688 730 1737 quantitative
762 1688 866 1724 illius
898 1696 1039 1723 nature
1073 1687 1386 1734 correspondeat
1419 1685 1507 1722 talis
1540 1686 1681 1721 forma.
1706 1684 1770 1721 Sic

468 1759 574 1794 ergo,
610 1747 773 1794 quando
805 1746 956 1793 lignum
994 1744 1257 1787 comburitur,
1283 1753 1417 1792 partes
1439 1743 1554 1791 ignee
1587 1752 1624 1779 et
1657 1754 1771 1778 aeree

467 1813 713 1852 sparguntur
744 1803 941 1852 superius⁷
982 1812 1018 1840 et
1052 1802 1264 1840 commixte
1298 1815 1388 1838 cum
1436 1801 1566 1838 medio
1608 1809 1772 1837 manent

468 1862 658 1899 continue
703 1874 804 1910 eque
849 1874 1004 1909 magne,
1051 1861 1122 1897 etsi
1162 1861 1410 1896 exalerentur
1454 1872 1580 1907 usque
1613 1860 1663 1895 ad
1697 1858 1772 1895 cel-

467 1920 680 1956 situdinem
717 1932 830 1968 spere
863 1919 978 1967 ignis.
1025 1921 1104 1956 Nec
1138 1919 1258 1955 credo
1292 1919 1399 1966 quod
1433 1916 1773 1965 experimentator

469 1992 511 2015 ex
544 1978 692 2014 noticia
727 1978 899 2014 sensuali
933 1977 1141 2014 convincet
1174 1976 1419 2024 oppositum.

528 2036 602 2072 Hic
636 2045 771 2072 tamen
805 2035 1031 2083 ingeniatus
1064 2044 1221 2079 natura,
1257 2035 1365 2081 quod
1388 2033 1567 2078 mixtum,
1603 2032 1770 2067 multum

469 2103 571 2130 terre
604 2095 767 2139 habens,
810 2094 1030 2129 dummodo
1073 2095 1216 2129 habeat
1255 2104 1397 2139 parum
1431 2090 1531 2138 ignis
1566 2090 1626 2125 vel
1659 2089 1773 2133 aeris,

470 2165 560 2188 cum
595 2152 674 2188 sint
713 2165 783 2200 per
823 2151 1069 2188 contrarium
1112 2150 1364 2195 dissolutum,
1398 2158 1494 2184 tunc
1533 2156 1775 2196 generantur

472 2211 592 2246 multe
627 2210 832 2246 minuticie
865 2209 965 2257 ignis
999 2218 1035 2245 et
1068 2209 1190 2254 aeris3
1232 2217 1268 2243 et
1300 2207 1399 2255 ipse,
1434 2219 1523 2243 cum
1559 2205 1644 2242 aliis
1679 2218 1775 2253 qua-

471 2270 561 2304 dam
595 2267 788 2304 violencia
823 2267 1056 2313 cathenatis‚
1091 2274 1231 2314 petunt
1265 2269 1322 2302 2¹¹¹
1369 2265 1514 2300 multas
1547 2265 1775 2312 dyametros

469 2326 557 2361 loca
595 2325 807 2375 naturalia7
840 2334 1033 2372 pereunte
1074 2324 1200 2360 forma
1239 2322 1496 2370 superaddita
1530 2321 1774 2358 continente.

1788 941 1826 962 10

1790 1220 1824 1251 15

1787 1520 1828 1541 20

1789 1798 1828 1831 25

470 2383 534 2419 Sic
573 2392 708 2419 tamen
753 2391 968 2430 congregat
1007 2383 1114 2418 calor
1153 2380 1397 2428 homogenia
1435 2382 1484 2416 ad
1523 2379 1693 2416 invicem
1739 2387 1775 2415 et
1792 2377 1831 2409 35

470 2440 669 2488 disgregat
718 2441 944 2488 eterogenia
990 2442 1039 2477 ad
1087 2439 1271 2482 invicem,
1318 2440 1416 2474 dans
1455 2446 1645 2486 generato
1684 2449 1775 2484 pro-

469 2498 758 2547 porcionaliter
781 2500 828 2534 de
852 2499 942 2535 loco
965 2498 1085 2543 dicto,
1110 2506 1153 2533 ut
1177 2499 1223 2533 de
1256 2497 1399 2533 forma.
1433 2498 1607 2532 Econtra
1641 2504 1773 2531 autem

470 2557 509 2592 in
543 2557 794 2593 resolucione
843 2556 1022 2604 gravium
1058 2568 1134 2604 que
1175 2558 1232 2593 2¹n
1290 2555 1484 2602 angulum
1529 2553 1777 2589 descendunt

471 2616 521 2651 ad
555 2623 750 2652 centrum.
797 2616 857 2659 Et,
903 2622 1068 2663 propter
1106 2613 1222 2649 istam
1262 2611 1605 2660 intercepcionem
1639 2609 1774 2656 medii,

471 2672 574 2708 inter
620 2673 720 2709 levia
765 2685 841 2720 que
876 2676 931 2709 ΖΠ]
969 2673 1221 2720 dyametrum
1270 2678 1480 2707 moventur
1526 2670 1574 2705 ab
1614 2668 1835 2715 angulo,40

472 2739 509 2766 et
543 2730 783 2766 extrinsione
827 2730 947 2766 medii
1001 2730 1104 2766 inter
1156 2728 1291 2777 gravia
1344 2740 1421 2776 que
1474 2734 1682 2763 moventur
1726 2726 1776 2761 ad

543 2891 560 2909 1.
578 2869 629 2917 ξος
651 2883 682 2909 Β.
803 2890 832 2914 4.
854 2881 947 2909 otine'
968 2881 1000 2907 Β.
1107 2888 1147 2908 10.
1168 2879 1274 2915 3imar'
1296 2879 1314 2906 i.
1336 2878 1415 2906 vide'
1434 2878 1486 2905 et?
1511 2878 1542 2905 B.
1650 2875 1692 2904 35.
1707 2884 1776 2903 cum

474 2936 530 2956 vro
551 2928 693 2962 tamen(l)
717 2928 748 2954 Β.
