1996 3322
228 329 316 356 CAP.
340 328 389 355 IX.
790 327 972 358 {OGWA

226 437 410 482 Zenonis,
452 437 492 472 in
525 448 604 483 quo
637 434 800 482 ponitur
833 433 1014 481 spacium
1057 441 1162 468 recte
1210 432 1359 467 mox-eri
1402 440 1539 467 contra

229 495 375 531 mobile
411 503 575 532 motum.

286 552 460 590 Ulterius
476 551 828 599 concediturquod
843 550 903 585 sol
915 544 1084 602 [motus]
1098 558 1209 584 motu
1226 547 1389 595 proprio
1406 559 1541 582 versus

229 611 373 657 oriens,
413 611 598 646 tardatur
630 609 827 656 attingere
859 607 1011 655 oriens3
1047 616 1083 642 et
1116 606 1171 642 sic
1196 607 1243 642 de
1267 605 1354 642 aliis
1380 604 1540 640 mirabi-

84 675 108 704 Β
130 670 207 704 ιοὸ”
228 669 330 705 libus
355 667 675 705 conclusionibus
699 665 972 714 sequentibus.
1002 662 1006 713 Ι
1036 664 1075 701 Si
1100 673 1233 700 tamen
1254 672 1363 699 motu
1379 662 1541 711 proprie

229 727 336 763 dicto
370 726 522 774 precise
548 734 773 762 moveretur
795 736 931 760 versus
964 723 1109 769 oriens,
1135 731 1229 758 tunc
1262 734 1342 757 non
1375 721 1430 757 sic
1464 730 1542 756 tar-

229 786 410 833 daretur3
464 783 559 832 quia
600 791 825 820 moveretur
871 785 928 819 2¹n
962 780 1082 817 aliam
1123 780 1356 828 porcionem
1404 778 1541 815 circuli

228 855 362 880 versus
394 842 541 881 oriens.

287 901 461 938 Ulterius
511 898 744 937 conceditur
789 898 897 945 quod
950 896 1173 944 descripcio
1218 895 1307 932 talis
1353 908 1432 931 non
1486 903 1542 930 est

177 976 214 996 10
231 968 376 1005 motus,
422 960 490 995 sed
536 971 659 994 unum
701 954 1007 993 accidentaliter
1052 956 1201 990 habens
1248 962 1417 990 motum.
1462 954 1542 988 Nec

231 1017 408 1066 quelibet
440 1015 665 1065 adquisicio
699 1015 798 1051 situs
832 1022 890 1049 est
924 1022 1069 1057 motus,
1118 1025 1208 1048 cum
1255 1020 1332 1047 stat
1380 1010 1542 1058 aliquod

231 1075 361 1112 subito
386 1074 599 1124 adquirere
622 1074 683 1110 vel
707 1073 926 1120 deperdere
949 1070 1069 1107 situm
1095 1084 1164 1118 per
1188 1068 1541 1106 continuacionem

230 1135 291 1170 vel
324 1132 741 1170 discontinuacionem
775 1130 900 1178 partis
945 1128 1231 1177 quantitative3
1278 1136 1320 1163 ut
1353 1136 1463 1175 patet
1496 1127 1543 1161 de

232 1200 493 1240 augmentato
525 1191 587 1228 vel
626 1189 839 1238 diminuto,
884 1189 932 1224 de
977 1186 1258 1234 multiplicato,
1304 1186 1365 1221 vel
1399 1187 1446 1221 de
1479 1186 1544 1220 de-

179 1250 512 1298 15multiplicat0.
560 1251 693 1285 Motus
729 1260 823 1295 ergo
857 1245 924 1294 qui
958 1254 1015 1281 est
1047 1244 1243 1281 limitacio
1277 1243 1435 1291 passiva
1470 1252 1542 1278 etc.

233 1317 290 1345 est
323 1308 477 1356 passiog
527 1309 595 1343 sed
629 1314 762 1342 motus
796 1303 1020 1341 formaliter
1065 1302 1311 1339 successivus
1357 1310 1394 1337 et
1434 1301 1543 1337 velox

232 1367 389 1403 videtur
423 1365 544 1402 michi
577 1377 657 1401 non
703 1375 787 1400 esse
832 1361 986 1410 passi03
1033 1363 1101 1398 sed
1148 1369 1280 1396 motus
1325 1358 1544 1395 accidentis

235 1423 444 1472 passionis,
479 1433 522 1460 ut
556 1432 687 1459 motus
733 1421 872 1457 localis
919 1419 1081 1467 proprie
1126 1418 1256 1454 dictus
1297 1417 1393 1453 dicit
1427 1429 1543 1453 suum

235 1483 399 1528 mobile,
432 1482 493 1519 vel
526 1481 645 1518 aliam
687 1488 841 1528 partem
890 1477 1022 1526 primo
1069 1476 1221 1513 moveri
1267 1476 1463 1519 localiter,
1510 1483 1546 1510 et

179 1556 219 1577 20
235 1553 305 1589 per
338 1552 588 1588 consequens
622 1538 767 1587 ipsum,
801 1537 861 1573 vel
894 1536 1072 1584 aliquam
1108 1535 1190 1571 eius
1234 1543 1389 1582 partem
1437 1533 1546 1581 prius

236 1598 356 1647 fuisse
390 1598 430 1634 in
462 1598 539 1634 situ
572 1597 613 1633 in
646 1609 726 1646 quo
760 1604 849 1644 post
881 1607 963 1630 non
1010 1603 1067 1630 est
1108 1606 1177 1641 per
1211 1592 1474 1628 successivam
1511 1599 1547 1626 et

237 1657 453 1705 parcialem
495 1655 593 1692 situs
638 1653 976 1703 adquisicionem,
1026 1653 1076 1688 ad
1110 1664 1230 1699 quam
1265 1650 1447 1698 sequitur
1480 1650 1547 1685 ad-

238 1715 408 1764 quisicio
441 1713 704 1750 ubicacionis.
723 1713 815 1749 Ideo
850 1711 945 1747 dicit
980 1718 1277 1747 commentator
1301 1709 1409 1756 quod
1443 1720 1550 1744 com-

238 1773 401 1822 ponitur
434 1785 478 1809 ex
511 1772 647 1808 rnultis
681 1768 1026 1807 affirmacionibus
1060 1778 1096 1804 et
1143 1767 1277 1803 multis
1323 1765 1547 1814 negacioni-

182 1836 221 1868 25
239 1833 330 1878 bus3
364 1831 457 1880 quia
490 1831 591 1867 tales
625 1836 983 1878 presupponuntur
1028 1828 1167 1862 adesse
1214 1834 1409 1872 tanquam
1443 1823 1551 1871 prin-

239 1889 447 1938 cipiantes‚
482 1890 550 1924 sed
590 1901 671 1924 non
715 1885 980 1935 quantitative
1026 1892 1328 1932 componentes,
1375 1895 1464 1918 cum
1501 1881 1552 1917 sit

238 1948 367 1985 forma
398 1947 580 1994 simplex.
794 1942 796 1944 ’

297 2007 374 2043 Sed
427 2005 638 2053 diligenter
691 2003 913 2040 notandum
969 2002 1076 2049 quod
1123 2008 1256 2036 motus
1309 1999 1552 2047 quandoque

239 2063 412 2101 sumitur
457 2061 685 2111 agregative
718 2074 791 2109 pro
826 2059 961 2096 multis
986 2058 1160 2094 motibus
1184 2056 1399 2105 agregaffis,
1424 2056 1550 2092 eciam

183 2128 224 2160 30
239 2121 515 2165 discontinuis‚
548 2121 608 2158 vel
643 2132 721 2167 quo
755 2120 804 2155 ad
837 2127 996 2166 tempus
1045 2116 1105 2153 vel
1129 2129 1207 2164 quo
1233 2116 1282 2151 ad
1306 2114 1551 2157 subiectumg

239 2180 319 2217 sive
352 2179 430 2216 sint
462 2179 580 2215 unius
613 2177 774 2226 speciei,
815 2176 895 2212 sive
928 2175 1007 2212 sint
1047 2173 1269 2222 disparium
1304 2173 1550 2221 specierum:

240 2247 278 2275 et
310 2238 380 2274 illo
427 2239 548 2274 modo
594 2235 743 2272 dictum
793 2243 851 2270 est
895 2233 1216 2282 progressionem
1265 2244 1349 2268 esse
1396 2239 1548 2266 motum

241 2296 526 2344 compositum.
562 2296 815 2341 Quandoque
850 2301 982 2328 autem
1018 2290 1189 2327 sumitur
1219 2289 1456 2337 simpliciter
1480 2301 1552 2335 pro

242 2364 353 2391 motu
398 2353 509 2390 cuius
561 2352 736 2401 quelibet
776 2363 869 2398 pars
914 2348 1122 2385 divisibilis
1167 2360 1257 2384 vere
1291 2348 1552 2383 continuatur

185 2416 224 2450 35
242 2425 331 2449 cum
367 2411 521 2460 reliqua
554 2420 591 2446 et
625 2419 682 2447 est
716 2409 893 2446 eiusdem
928 2406 1116 2447 racionis,
1162 2415 1203 2441 ut
1239 2415 1371 2442 motus
1415 2403 1553 2452 puncti

242 2470 281 2507 in
316 2468 595 2518 equinocciali.
630 2468 764 2504 Primo
805 2468 925 2502 modo
971 2474 1029 2502 est
1074 2463 1357 2512 augmentacio
1405 2472 1550 2507 motus,

243 2537 280 2565 et
313 2529 413 2565 forte
446 2527 576 2564 omnis
611 2535 742 2562 motus
775 2524 874 2561 citra
906 2522 1217 2560 velocissimum.

299 2585 444 2622 Tercio
461 2583 738 2633 principaliter
758 2582 948 2619 dividitur
984 2590 1114 2617 motus
1131 2584 1190 2616 2¹n
1225 2592 1316 2616 suas
1334 2577 1552 2626 passiones,

245 2645 406 2681 racione
439 2642 633 2691 temporis
667 2640 956 2686 mensurantis3
997 2648 1040 2675 ut
1073 2638 1217 2687 aliquis
1251 2646 1308 2674 est
1340 2635 1554 2672 uniformis

185 2717 229 2747 40
245 2711 282 2738 et
331 2702 475 2750 aliquis
522 2699 738 2739 difformis:
784 2708 821 2735 et
865 2707 1034 2746 uterque
1079 2695 1347 2733 subdividitur
1392 2707 1471 2742 quo
1505 2694 1553 2729 ad

244 2760 466 2796 subiectum
503 2768 540 2795 et
573 2771 652 2807 quo
685 2759 735 2793 ad
780 2766 951 2804 tempus.
999 2757 1089 2800 Quo
1134 2755 1184 2790 ad
1229 2753 1451 2789 subiectum
1499 2759 1556 2786 est

314 2957 339 2985 3.
361 2962 463 2986 motus
484 2958 570 2985 deest
589 2957 621 2984 Β.
696 2954 742 2991 39.
764 2954 934 2983 coniormis
956 2954 989 2981 Β.

1777 328 1795 353 ῐ.)

1564 553 1621 581 we
1643 562 1711 588 may
1733 553 1827 580 admit

1587 589 1651 615 that
1672 589 1720 615 the
1741 596 1810 618 sun,

1628 624 1755 658 moving

1575 658 1744 685 castwards
1767 657 1806 692 by

1627 693 1664 719 its
1685 700 1755 719 own

1601 731 1787 761 movement‚

1616 763 1720 797 delays
1740 762 1770 788 in

1585 798 1729 831 reaching
1749 797 1798 823 the

1592 837 1669 866 east3
1692 832 1750 858 and
1773 840 1806 858 so

1671 875 1720 893 on.

1578 902 1652 928 Also
1674 902 1737 928 that
1758 901 1806 928 the

1565 937 1645 963 ‹Ji-bit
1666 936 1825 963 described

1564 980 1602 997 on
1619 973 1668 998 the
1683 971 1815 998 celesti-al

1576 1008 1687 1039 sphere
1709 1007 1733 1032 is
1756 1011 1808 1032 not

1566 1045 1752 1071 movement,
1776 1041 1828 1066 bnt

1588 1084 1603 1102 a
1625 1076 1710 1110 thing
1731 1076 1795 1102 that

1641 1119 1756 1137 moves.

1578 1261 1761 1290 Movement,
1784 1269 1817 1287 so

1606 1297 1651 1323 iar
1671 1304 1704 1322 as
1726 1296 1746 1322 it
1766 1296 1791 1322 is

1589 1331 1721 1366 passive,
1744 1331 1767 1357 is
1789 1339 1804 1356 a

1591 1366 1732 1400 passion:
1755 1370 1808 1392 not

1562 1405 1737 1427 movement
1758 1400 1830 1426 with

1583 1436 1679 1462 actual
1702 1437 1818 1469 change

1625 1470 1659 1497 of
1678 1471 1771 1503 place.

1574 1506 1598 1531 It
1619 1505 1741 1539 implies
1762 1505 1826 1531 that

1579 1540 1628 1566 the
1649 1539 1765 1574 subject
1786 1548 1821 1566 or

1604 1583 1619 1601 a
1641 1579 1709 1609 part
1730 1575 1764 1601 of
1782 1575 1803 1601 it

1611 1610 1757 1644 occilpiCS
1779 1617 1794 1636 a

1601 1645 1684 1678 place
1705 1645 1768 1671 that
1790 1644 1811 1671 it

1637 1679 1687 1706 did
1711 1684 1765 1706 not

1575 1721 1693 1748 occupv
1715 1715 1827 1741 before.

1524 1765 1529 1770 -
1565 1746 1743 1776 Averrhoes
1765 1757 1835 1777 savs

1573 1784 1635 1810 that
1657 1785 1678 1811 it
1699 1785 1724 1811 is
1746 1780 1834 1810 made

1602 1827 1641 1852 up
1663 1819 1696 1845 of
1715 1827 1806 1854 many

1601 1854 1806 1881 affirmations

1579 1890 1636 1915 und
1660 1888 1828 1923 negatious.

1580 2005 1776 2033 ‘Movement'
1797 2005 1823 2032 is

1610 2041 1789 2067 sometimes

1579 2077 1747 2105 collective,
1770 2075 1828 2102 and

1595 2118 1699 2137 means
1721 2118 1813 2145 many

1604 2149 1812 2175 movements:

1597 2295 1775 2322 sometimes
1797 2295 1817 2321 it

1633 2338 1737 2357 means
1758 2338 1773 2356 a

1593 2370 1767 2392 movement
1788 2366 1821 2391 ot'

1604 2401 1703 2426 which
1726 2401 1799 2426 each

1632 2441 1698 2469 part
1719 2435 1743 2461 is
1765 2443 1780 2461 a

1596 2470 1698 2504 sequel
1720 2474 1750 2496 to
1772 2470 1821 2496 the

1658 2506 1754 2531 other.

1618 2587 1794 2615 Mox-efflent

1639 2622 1664 2649 is
1685 2621 1782 2649 either

1611 2657 1746 2684 uniforrn
1769 2664 1804 2682 or

1648 2691 1766 2724 varied;

1590 2727 1722 2754 uuiform
1746 2726 1774 2752 in
1797 2725 1835 2752 its

1584 2761 1700 2793 subject
1721 2761 1745 2787 it·
1764 2761 1836 2786 each

1614 2801 1679 2830 past
1701 2796 1735 2822 ot·
1752 2796 1802 2821 the
