1996 3322
159 268 233 305 168

162 553 336 580 Otherwise
356 554 422 580 Ido

189 594 239 615 nut
260 597 309 614 see
331 590 399 614 how

154 624 201 650 the
218 624 420 650 sacramental

231 658 343 691 words,

185 701 221 719 or
236 694 336 725 omlis,
358 701 392 719 or

170 728 335 762 promises
359 728 414 754 ἃς.

163 763 253 789 could
277 763 312 789 be
334 767 408 789 true.

176 843 204 870 lf
222 843 350 878 nothing
371 843 396 870 is

178 882 283 912 except
297 883 330 916 ⁴at
352 879 401 905 the

154 917 275 947 present
295 917 419 946 instant,

168 948 203 974 all
227 947 275 974 the
298 952 357 974 rest
379 949 413 975 of

152 983 224 1009 time
246 987 328 1009 must
349 983 419 1009 then

183 1017 217 1044 be
238 1017 390 1052 wanting;

183 1319 270 1346 Thus
292 1319 320 1346 in
343 1319 392 1346 the

179 1354 294 1381 middle
314 1355 348 1381 of
365 1363 400 1381 an

198 1390 286 1423 hour,
310 1390 381 1416 both

199 1424 303 1450 hulves
324 1433 373 1451 are

170 1459 322 1493 wanting:
344 1459 401 1486 and

170 1502 204 1519 so
224 1494 356 1528 through
379 1495 414 1521 all

170 1529 261 1560 time;
282 1537 316 1555 so
336 1529 418 1556 there

171 1564 196 1590 is
218 1572 256 1589 no
278 1564 350 1590 time
372 1569 400 1590 at

158 1599 206 1636 ull,
227 1598 251 1625 it'
269 1598 416 1637 anything

161 1637 266 1667 exists,
286 1638 308 1660 it
329 1639 422 1660 exists

176 1667 224 1694 sor
244 1676 323 1701 ever,
344 1669 402 1695 and

195 1702 263 1729 God
286 1702 311 1729 is
333 1708 384 1730 not

228 1737 351 1764 eternal.

170 1772 227 1798 But
249 1772 269 1798 it
289 1771 314 1798 is
336 1772 409 1799 false

178 1807 242 1833 that
263 1807 393 1840 nothing

171 1841 196 1868 is
218 1841 271 1868 but
291 1841 320 1868 in
342 1842 402 1868 this

222 1876 347 1903 instant.

152 1945 253 1972 There
268 1953 317 1972 are
335 1954 427 1981 many

176 1980 263 2007 othei·
283 1980 401 2007 similar

158 2019 334 2049 arguments
355 2016 418 2042 that

267 2058 317 2076 are

164 2085 407 2111 unanswerable.

170 2118 232 2145 For
252 2119 400 2153 instance,

165 2161 197 2180 as
220 2154 345 2188 regards
366 2154 415 2181 the

180 2188 400 2225 immutability

215 2224 249 2250 of
267 2223 364 2250 God's

191 2258 381 2293 knowledge,

180 2592 238 2618 and
260 2592 310 2619 the
331 2593 392 2620 free

169 2627 405 2654 determination

188 2662 222 2688 os
239 2661 295 2688 His
317 2663 388 2689 will.

882 277 1105 307 JOHANNIS
1133 277 1317 308 WYCLIF
1358 323 1362 326 ι
1609 274 1697 302 CAP·
1719 274 1755 302 X-

445 383 524 418 suis
560 382 765 418 mensuris.
821 382 993 430 Aliquod
1028 395 1121 419 vero
1155 382 1308 419 instans
1341 382 1396 419 sic
1431 383 1591 430 respicit
1628 392 1758 431 partes

444 440 634 488 temporis
680 449 871 488 tanquam
920 440 973 476 eis
1019 440 1290 477 essencialiter
1336 440 1609 487 intrinsecum,
1665 441 1757 489 quia

444 512 535 546 pars
570 511 722 541 eorum,
770 507 805 534 et
839 499 1003 546 aliquod
1039 508 1231 547 tanquam
1267 499 1350 535 eius
1391 499 1670 549 extrinsecum,
1716 509 1758 536 ut

443 557 596 593 instans
641 556 865 604 proximum
914 556 1051 604 priori.
1106 559 1186 593 Nec
1233 557 1348 593 aliter
1391 557 1505 594 video
1551 559 1756 606 quomodo

443 617 562 652 verba
607 614 932 660 sacramentalia,
978 616 1097 651 verba
1142 615 1315 662 iurandi,
1367 624 1403 651 et
1455 615 1791 663 proposiciones5

443 673 604 721 policite
628 672 772 720 quibus
798 672 898 709 fiunt
922 682 1152 709 contractus
1176 673 1307 710 forent
1331 686 1433 710 vere.
1457 676 1601 710 Ymmo
1625 674 1757 710 nullus

442 745 562 768 sonus
600 732 659 767 vel
697 740 860 777 tremor,
906 743 979 767 nec
1013 740 1125 768 actus
1166 731 1426 768 discursionis
1460 731 1593 768 anime
1633 731 1758 780 possit

444 802 540 827 esse.

500 850 612 891 Item,
645 846 853 895 supposito
888 848 995 895 quod
1028 846 1151 884 nichil
1185 855 1255 890 est,
1289 846 1364 883 nisi
1399 846 1440 883 in
1475 848 1550 884 hoc
1579 847 1757 894 instanti,

442 914 550 953 patet
596 906 704 953 quod
750 905 926 953 quelibet
971 918 1062 953 pars
1108 904 1301 952 temporis
1351 907 1460 941 deest
1504 905 1545 941 in
1578 905 1756 944 instanti.
1781 919 1817 938 10

443 966 633 1011 Suppono
658 971 792 999 autem
819 964 925 1011 quod
951 964 1080 1000 deesse
1102 963 1150 999 sit
1174 963 1465 1011 ampliativutn,
1486 964 1546 1001 vel
1569 965 1757 1012 ponendo

441 1021 662 1058 subiectum
699 1023 836 1057 abesse
869 1034 891 1057 a
924 1022 1013 1058 loco
1047 1022 1106 1057 vel
1139 1021 1273 1057 officio
1297 1021 1359 1058 cui
1392 1021 1539 1069 poterit
1563 1021 1757 1070 applicari

441 1080 500 1125 (ut
545 1079 727 1116 localiter
773 1079 969 1116 distancia
1015 1081 1158 1116 desunt
1209 1079 1337 1121 nobis,
1391 1079 1482 1116 licet
1536 1081 1755 1117 habeamus

442 1150 581 1173 eorum
616 1137 944 1185 possessionem),
984 1138 1043 1173 vel
1077 1142 1123 1175 2⁰
1158 1139 1344 1185 ponendo
1384 1149 1467 1173 rem
1501 1151 1578 1186 que
1611 1138 1757 1186 poterit

443 1208 525 1232 esse
573 1198 637 1243 [et]
684 1197 820 1231 abesse
866 1197 914 1232 ab
960 1195 1124 1232 instanti
1157 1196 1217 1232 vel
1250 1205 1433 1243 tempore
1482 1209 1553 1244 pro
1587 1209 1667 1244 quo
1701 1199 1813 1233 est15

441 1266 578 1290 verum
610 1253 740 1301 ipsum
767 1255 914 1290 deesse.
949 1253 1013 1290 Sic
1047 1253 1152 1290 enim
1187 1253 1387 1302 perfeccio
1419 1254 1553 1291 futura
1587 1263 1624 1291 et
1655 1267 1757 1291 vana

442 1311 569 1359 gloria
602 1312 720 1360 plene
754 1312 943 1359 preterita
978 1313 1121 1348 desunt
1153 1312 1281 1348 nobis.
1317 1314 1369 1348 Ex
1394 1325 1473 1360 quo
1506 1321 1616 1360 patet
1649 1314 1755 1361 quod

442 1379 612 1418 utraque
647 1370 838 1406 medietas
871 1369 976 1405 illius
1019 1371 1115 1406 hore
1148 1383 1220 1418 pro
1261 1370 1393 1406 medio
1431 1370 1596 1408 instanti
1648 1372 1757 1407 deest

442 1429 663 1464 secundum
697 1440 737 1463 se
770 1437 912 1474 totam,
947 1436 984 1464 et
1017 1440 1087 1475 per
1120 1428 1224 1464 idem
1259 1440 1378 1464 omne
1410 1437 1581 1476 tempus,
1617 1437 1653 1465 et
1685 1442 1755 1477 per

443 1498 692 1534 consequens
738 1486 892 1522 nullum
938 1494 1099 1533 tempus
1145 1495 1200 1522 est
1242 1486 1282 1522 in
1327 1486 1395 1522 illo
1439 1485 1617 1532 instanti,
1665 1500 1752 1523 cum
1774 1500 1814 1520 zo

445 1552 573 1580 totum
609 1553 703 1580 tunc
737 1545 859 1580 deest.
914 1545 961 1580 Et
994 1556 1064 1592 per
1097 1557 1357 1593 consequens,
1404 1557 1494 1580 cum
1528 1544 1651 1581 nichil
1684 1554 1754 1591 est,

442 1611 485 1638 ut
518 1602 614 1638 false
647 1601 850 1648 asseritur,
896 1601 970 1637 nisi
1017 1601 1114 1638 illud
1149 1604 1254 1650 quod
1300 1602 1340 1638 in
1383 1602 1452 1638 illo
1486 1602 1650 1639 instanti
1684 1612 1754 1648 est,

441 1660 595 1696 nidluni
643 1669 800 1708 tenipus
846 1669 964 1705 esset,
1011 1661 1070 1696 vel
1115 1660 1241 1711 ahter,
1287 1660 1318 1696 si
1364 1660 1515 1709 zdiquid
1549 1670 1618 1705 est,
1658 1660 1754 1697 sslud

443 1730 601 1766 semper
634 1726 703 1754 est.
739 1720 786 1753 Et
820 1718 909 1754 ideo
943 1731 1022 1754 non
1057 1727 1113 1754 est
1144 1720 1147 1767 Ι
1177 1718 1366 1766 possibile
1407 1722 1462 1756 2¹¹³
1499 1718 1614 1755 istam
1649 1718 1753 1755 viam
1771 1723 1795 1752 Β
1817 1721 1876 1764 ¹57

443 1778 549 1823 quod
590 1777 686 1812 deus
726 1788 883 1824 semper
923 1785 1001 1822 est3
1048 1776 1141 1824 quia
1181 1776 1211 1812 si
1257 1777 1325 1821 sic,
1373 1777 1580 1824 quodlibet
1623 1776 1809 1813 inlini-25

442 1843 525 1869 tum
567 1833 634 1869 diu
674 1843 744 1873 est,
785 1846 874 1870 cum
915 1833 1070 1871 diucius
1112 1847 1233 1883 quam
1273 1847 1431 1883 semper
1466 1834 1591 1871 nichil
1625 1844 1755 1883 potest

443 1904 539 1928 esse.

500 1952 547 1985 Est
580 1949 635 1985 sic
669 1950 716 1985 de
750 1948 885 1985 ninius
918 1950 1256 1998 rephcacionibus
1289 1963 1388 1998 quas
1421 1950 1518 1987 afias
1551 1950 1753 1999 rephcavL

442 2007 497 2044 sic
530 2008 732 2055 loquendo
765 2008 812 2043 de
845 2007 1019 2045 sciencia
1052 2008 1114 2044 dei
1149 2018 1186 2045 et
1220 2008 1302 2045 eius
1342 2008 1684 2045 determinacione
1717 2018 1754 2045 et

443 2065 705 2113 possibilitate
729 2078 877 2112 rerum,
913 2075 1065 2102 restant
1089 2066 1283 2114 quotlibet
1316 2066 1546 2103 insolubilia
1568 2066 1627 2103 vie
1661 2079 1752 2103 con-
1769 2070 1810 2102 '30

441 2123 561 2159 trarie
595 2135 670 2171 que
703 2132 794 2159 sunt
828 2123 984 2160 fallacia
1018 2124 1081 2160 isti
1104 2124 1175 2163 vie.
1208 2126 1272 2170 Ut,
1306 2124 1337 2160 si
1367 2125 1463 2160 deus
1486 2124 1559 2161 scit
1586 2124 1751 2173 aliquid,

440 2181 544 2218 idem
592 2190 662 2227 est,
709 2190 744 2217 et
788 2181 1013 2219 necessario
1058 2194 1214 2230 semper
1247 2182 1320 2218 scit
1358 2182 1494 2219 omnia
1527 2195 1603 2231 que
1637 2191 1752 2218 erunt

440 2240 497 2275 vel
523 2239 695 2275 fuerunt.
730 2240 822 2276 Ideo
846 2240 1072 2276 necessaria
1095 2240 1231 2277 onmia
1255 2252 1331 2288 que
1355 2250 1469 2277 erunt
1499 2241 1560 2277 vel
1592 2241 1750 2277 fuerunt

440 2306 531 2333 sunt
554 2310 626 2345 pro
650 2307 830 2345 tempore
853 2310 936 2345 suo,
970 2297 1061 2334 licet
1084 2311 1163 2334 non
1188 2299 1321 2334 modo.
1357 2300 1413 2334 De
1440 2298 1751 2335 immutabilitate

439 2368 531 2391 vero
577 2354 708 2391 divine
753 2355 924 2392 sciencie
969 2364 1061 2392 sunt
1114 2356 1219 2393 dicta
1273 2356 1399 2392 multa
1432 2365 1665 2393 sanctorum
1716 2359 1806 2393 et35

440 2413 633 2459 raciones,
680 2425 769 2448 cum
817 2413 932 2450 aliter
975 2414 1077 2450 foret
1111 2413 1275 2451 minoris
1314 2414 1596 2462 permanencie
1629 2427 1750 2462 quam

441 2470 613 2507 sciencia
637 2480 832 2508 creature.
866 2473 953 2519 Ipsa
988 2471 1092 2508 enim
1127 2485 1207 2508 non
1242 2472 1429 2508 continue
1452 2472 1629 2509 variatur
1662 2485 1749 2520 pro-

440 2528 729 2576 porcionaliter
763 2538 803 2564 ut
838 2529 1041 2578 cognitum
1076 2530 1267 2566 variatur.

498 2588 609 2632 Item,
656 2586 686 2622 si
734 2587 829 2623 deus
873 2600 913 2624 se
959 2587 1198 2624 determinat
1232 2588 1429 2624 facturum
1463 2587 1627 2636 aliquid,
1667 2596 1748 2624 tam

440 2653 545 2680 certe
580 2644 784 2692 cognoscit
812 2646 918 2693 quod
943 2645 1185 2682 determinat
1217 2658 1257 2682 se
1290 2657 1372 2682 esse
1405 2646 1602 2682 facturum
1637 2644 1807 2691 illud‚4o

439 2701 549 2738 sicud
584 2702 668 2750 ipse
701 2702 785 2748 scit,
821 2704 928 2751 quod
962 2715 1034 2750 ego
1067 2703 1329 2740 determinavi
1353 2715 1415 2740 me
1445 2715 1528 2740 esse
1549 2703 1747 2739 facturum

1879 1719 1892 1736 b

510 2893 546 2920 15.
570 2897 596 2920 et
617 2893 702 2920 deest
724 2893 755 2920 B.
846 2892 885 2921 31.
907 2893 947 2921 sit
967 2894 998 2921 B.
1089 2892 1136 2929 39.
1158 2893 1188 2921 su
1210 2894 1242 2921 Βι
