1996 3322
193 932 231 952 10

196 1212 231 1243 15

246 278 333 305 CAP.
356 278 392 305 X.
807 277 995 307 LOGICA.

245 387 512 435 significatum
531 385 706 434 positum
727 396 887 419 manere
904 384 1042 419 eadem
1079 396 1138 418 res
1162 394 1242 417 non
1267 381 1435 417 existens
1459 380 1559 415 sicut

245 445 533 494 qualificatam,
584 451 692 490 patet
730 443 836 489 quod
867 454 955 477 cum
987 440 1172 476 omnibus
1200 439 1346 475 talibus
1382 437 1562 474 terminis

246 503 473 540 faciendum
509 510 610 538 esset
634 500 857 548 zophisma,
893 508 929 535 et
953 498 1312 546 paralogizandum
1339 497 1560 532 secundum

247 560 444 598 fallaciam
478 558 718 605 accidenti33
752 566 794 593 ut
828 566 973 593 natura
1004 557 1195 601 humana,
1230 568 1306 603 que
1331 553 1562 590 humanitas

246 619 405 664 dicitur,
440 627 569 666 potest
603 629 699 661 esse,
734 625 776 651 ut
809 616 930 652 homo
961 627 1032 663 per
1054 616 1129 650 hoc
1154 614 1262 661 quod
1287 611 1563 661 dependencia

246 679 294 714 ab
327 677 456 714 aliena
489 674 829 723 suppositacione.
865 675 912 709 Et
944 671 1310 720 proposcionaliter
1344 670 1558 706 dicendum

246 745 302 772 est
342 734 468 771 eciam
516 735 563 770 de
607 733 717 769 omni
762 731 937 768 termino
982 730 1183 778 specifico.
1239 731 1286 764 Et
1326 728 1365 764 in
1406 738 1561 765 tantum

247 801 553 841 extravagantur
596 790 721 828 nostri
767 788 955 837 theologi,
1002 789 1110 836 quod
1143 796 1299 836 ponunt
1331 788 1449 823 deum
1484 799 1563 822 non

246 852 373 888 solum
414 862 530 899 posse
570 848 840 896 multiplicare
879 860 1023 895 corpus
1058 859 1128 894 per
1167 845 1322 882 diversa
1354 846 1454 889 loca,
1496 845 1564 880 sed

246 909 371 946 eciam
407 909 512 945 idem
546 907 734 956 punctale
757 906 959 954 singulare
985 903 1253 952 multiplicare
1279 916 1350 951 per
1382 902 1563 951 spacium

247 967 464 1013 infinitum,
517 975 554 1002 et
607 965 712 1001 idem
767 964 968 1012 singulare
1020 962 1251 1011 plurificare
1304 962 1353 997 ad
1405 969 1564 997 tantum

247 1038 459 1063 numerum
493 1023 605 1061 sicud
640 1032 699 1059 est
732 1022 928 1059 maximus
961 1033 1152 1057 numerus
1186 1019 1339 1065 mundi,
1375 1028 1411 1055 et
1436 1019 1564 1067 quod-

247 1085 342 1121 libet
377 1083 530 1120 mixtim
564 1079 874 1130 ydemptificari,
916 1089 952 1116 et
990 1079 1046 1116 sic
1079 1080 1126 1115 de
1161 1077 1297 1114 multis
1338 1076 1565 1126 impossibi-

248 1143 363 1179 libus.

306 1202 347 1236 In
371 1200 445 1236 ista
470 1198 650 1243 materia,
686 1197 1008 1246 respondendum
1035 1194 1278 1240 differenter,
1306 1193 1413 1230 iuxta
1437 1192 1566 1241 opini-

248 1271 365 1295 onem
412 1257 717 1304 restringentem
764 1265 923 1302 tempus
969 1263 1006 1290 et
1050 1266 1131 1289 non
1175 1252 1372 1288 laxantem
1407 1260 1566 1299 tempus

249 1329 411 1365 presens
444 1317 493 1352 ad
527 1327 645 1351 omne
678 1313 914 1361 preteritum
949 1313 1009 1348 vel
1043 1311 1234 1347 futurum.
1289 1311 1348 1346 Ad
1389 1309 1565 1358 primum

249 1375 325 1411 dixi
350 1375 458 1423 quod
482 1373 613 1421 prima
637 1371 929 1419 consequencia
953 1383 1033 1406 non
1063 1378 1189 1413 tenet;
1224 1381 1374 1416 ymmO,
1408 1377 1564 1404 tantum

249 1434 399 1479 album,
433 1432 605 1480 nigrum,
639 1443 719 1467 non
748 1431 881 1466 album
917 1430 971 1475 (et
1004 1428 1060 1464 sic
1094 1429 1142 1463 de
1175 1426 1278 1473 aliis)
1313 1425 1387 1462 erit
1411 1427 1565 1472 Sorte83

250 1500 286 1527 et
332 1491 388 1527 sic
433 1489 586 1538 aliquid
632 1488 705 1525 erit
751 1489 906 1531 Sortes;
956 1485 1185 1534 aliqualiter
1229 1497 1308 1520 non
1354 1483 1427 1520 erit
1473 1485 1566 1520 Sors

250 1550 383 1595 albus3
418 1548 507 1585 ideo
541 1547 615 1584 erit
648 1546 757 1583 aliud
790 1547 838 1582 ab
873 1546 977 1582 albo.
1013 1545 1090 1581 Sed
1120 1542 1244 1579 nichil
1268 1541 1377 1578 aliud
1401 1543 1449 1578 ab
1475 1543 1565 1578 albo

251 1607 324 1645 erit
363 1609 513 1644 Sortes.
568 1608 616 1642 Et
660 1605 766 1641 istud
813 1612 1094 1651 argumentum
1137 1613 1308 1649 sequens
1349 1609 1487 1648 peccat
1527 1599 1568 1636 in

253 1665 408 1702 fallacia
452 1664 670 1702 accidentis
711 1676 786 1711 que
826 1661 1092 1710 peritissimos
1131 1659 1232 1696 fallit
1272 1671 1316 1694 ex
1348 1657 1567 1706 premissis.

217 1724 374 1772 aIgitur
417 1722 596 1772 sequitur
625 1718 628 1775 Ι
659 1722 767 1770 quod
812 1720 987 1768 aliquale
1032 1718 1253 1767 aliquando
1306 1717 1379 1752 erit
1418 1718 1567 1760 Sortes,

220 1783 368 1831 'quale
408 1794 514 1818 nunc
552 1793 633 1817 non
674 1789 731 1815 est
771 1780 926 1825 Sortes3
974 1776 1069 1825 quia
1108 1788 1189 1813 esse
1227 1776 1356 1811 album
1396 1787 1477 1811 non
1511 1783 1568 1810 est

251 1853 336 1877 esse
368 1840 527 1889 aliquid,
561 1839 628 1874 sed
663 1847 719 1874 est
754 1849 837 1874 esse
869 1836 1049 1885 aliquale.
1083 1836 1197 1871 Tunc
1228 1834 1348 1878 enim,
1383 1832 1567 1869 faciendo

251 1898 470 1943 hominem,
505 1898 618 1933 fieret
650 1896 733 1944 ipse
767 1894 938 1943 aliquid:
974 1895 1080 1942 quod
1115 1901 1172 1929 est
1205 1890 1468 1940 impossibile.

308 1958 368 1993 Ad
404 1960 479 1994 2³⁸¹
512 1954 654 2003 negavi
687 1953 858 2002 primam
895 1951 1252 2000 consequenciam3
1287 1951 1354 1986 sed
1379 1951 1478 1985 bene
1512 1961 1568 1984 se-

251 2015 386 2064 quitur
419 2015 528 2063 quod
561 2025 680 2049 omne
713 2013 822 2060 quod
847 2010 920 2047 erit
942 2011 1076 2047 album
1111 2009 1150 2045 in
1174 2011 1202 2044 B
1226 2007 1390 2045 instanti
1414 2007 1569 2043 differet

194 2081 208 2113 C
252 2087 272 2110 a
297 2076 424 2110 Sorte.
461 2075 508 2108 Et
541 2084 613 2120 pro
647 2069 828 2106 ulteriori
864 2068 1124 2116 responsione
1157 2067 1197 2103 in
1231 2067 1298 2102 illo
1329 2074 1569 2113 argumento

252 2141 309 2168 est
342 2132 565 2167 notandum
600 2130 721 2177 quod,
755 2137 836 2164 tam
872 2140 893 2164 a
926 2136 1040 2175 parte
1071 2125 1240 2161 subiecti
1266 2137 1385 2173 quam
1412 2136 1432 2159 a
1456 2132 1569 2171 parte

250 2189 458 2238 medicati,
505 2187 702 2235 contingit
747 2185 941 2222 terminos
986 2183 1173 2220 similiter
1220 2194 1448 2230 supponere
1496 2193 1568 2229 pro

253 2248 472 2292 accidente,
506 2246 566 2283 vel
598 2246 657 2292 (ut
691 2244 778 2281 aliis
802 2244 947 2292 placet)
982 2256 1054 2290 pro
1078 2250 1293 2290 aggregato
1318 2253 1361 2277 ex
1390 2239 1569 2276 subiecto

252 2315 288 2342 et
311 2305 529 2343 accidente.
562 2306 611 2340 Et
633 2302 873 2351 specialiter,
907 2301 938 2337 si
961 2301 1081 2337 fuerit
1110 2299 1305 2336 terminus
1330 2299 1567 2342 abstractus,

251 2365 312 2401 vel
351 2363 545 2400 terminus
586 2361 655 2410 qui
694 2374 774 2397 non
809 2355 977 2412 [potest]
1020 2361 1118 2395 bene
1158 2370 1228 2406 per
1265 2369 1306 2393 se
1341 2368 1570 2404 supponere

251 2423 385 2460 verbo.
433 2421 543 2458 Sicut
577 2419 681 2456 enim
718 2419 956 2455 concederet
995 2417 1259 2465 philosophus
1293 2415 1402 2463 quod
1440 2423 1570 2450 statua

252 2490 289 2517 et
322 2493 361 2516 es
395 2479 584 2515 differunt
629 2477 669 2513 in
714 2489 808 2522 esse,
853 2485 891 2512 et
929 2488 1018 2512 cum
1066 2474 1153 2511 aliis
1200 2472 1410 2515 concretis,
1457 2471 1569 2508 sicud

252 2551 333 2575 esse
365 2545 575 2574 statuatum
610 2544 667 2572 est
700 2534 808 2571 aliud
841 2546 962 2582 quam
993 2532 1306 2577 accidentatum‚
1340 2531 1439 2566 fiunt
1462 2529 1570 2577 equi-

252 2596 490 2634 vocaciones
516 2598 572 2633 2¹¹¹
597 2592 927 2642 supposicionem
951 2590 1176 2639 simplicem
1201 2599 1269 2626 aut
1303 2588 1569 2637 personalem.

324 2798 344 2817 1.
367 2796 438 2824 pom
461 2788 494 2816 Β.
595 2786 618 2815 5.
639 2793 677 2813 uc
698 2785 729 2812 B.
830 2784 858 2813 8.
886 2771 1039 2819 effigentr
1064 2782 1097 2810 B.
1215 2782 1250 2810 15.
1273 2769 1381 2809 ᾖῖἀέἆί
1404 2779 1512 2807 diffuse
1534 2779 1566 2805 Β.

254 2847 296 2876 16.
317 2837 391 2883 ῐρῦἷ
409 2847 441 2874 Β.
514 2854 560 2874 20.
582 2844 700 2872 ad²0⁷=
715 2843 835 2871 adicere
856 2842 886 2877 (1)
909 2842 941 2870 Β.
1016 2839 1061 2868 30.
1083 2839 1279 2876 responsioni
1300 2839 1333 2866 B.
1407 2836 1448 2865 35.
1471 2840 1571 2873 potest

253 2906 338 2934 deest
356 2905 388 2933 Β.
477 2903 525 2933 36.
547 2903 603 2931 voZ
626 2903 660 2930 Β.
750 2899 794 2936 37.
815 2892 886 2928 dr‘fit
907 2908 939 2928 ce
960 2899 992 2926 B.
1084 2897 1129 2927 38.
1151 2903 1237 2926 accim
1258 2897 1292 2924 B.

1598 675 1697 702 which
1720 684 1774 702 cun
1798 675 1832 701 be

1597 710 1744 737 extended
1768 719 1842 736 even

1597 749 1626 771 to
1648 745 1684 771 all
1707 745 1831 779 specilie

1664 788 1779 806 names.

1680 815 1747 841 Our

1593 849 1784 883 theologians
1805 858 1842 883 go

1586 885 1631 911 fai·
1652 893 1684 911 as
1705 889 1735 911 to
1756 884 1854 911 admit

1614 919 1678 946 that
1699 928 1714 945 a
1735 919 1820 953 point

1662 962 1716 980 can
1740 954 1774 980 be

1628 988 1800 1023 multiplied

1622 1023 1812 1058 throughout

1598 1059 1713 1085 infinite
1734 1066 1836 1093 space,

1692 1094 1747 1120 ἃς.

1610 1197 1677 1225 The
1698 1205 1820 1225 answer

1648 1237 1678 1259 to
1700 1234 1784 1259 these

1629 1267 1806 1294 difficulties

1617 1307 1700 1329 must
1721 1302 1818 1335 differ,

1607 1337 1775 1372 according
1795 1345 1828 1363 as

1612 1380 1657 1398 we
1678 1372 1717 1398 do
1739 1381 1774 1399 or
1789 1372 1828 1398 do

1595 1411 1647 1433 not
1665 1407 1762 1434 admit
1782 1407 1816 1433 of
1833 1415 1849 1433 a

1613 1447 1733 1476 present
1752 1447 1837 1468 tense

1599 1476 1758 1511 including
1779 1481 1847 1512 past

1622 1512 1681 1539 and
1703 1512 1814 1539 future.

1600 1554 1620 1584 1.
1642 1546 1709 1573 The
1729 1547 1844 1581 change

1595 1584 1674 1608 from
1696 1582 1787 1609 white
1808 1587 1837 1608 1ο

1632 1616 1719 1643 black
1741 1616 1765 1643 is
1787 1625 1802 1643 a

1636 1651 1753 1685 change
1774 1652 1808 1679 of

1589 1686 1718 1721 quality,
1740 1691 1792 1713 not
1813 1687 1845 1713 of

1590 1727 1712 1750 nature:
1735 1730 1769 1748 so
1791 1721 1853 1748 that

1601 1765 1637 1783 an
1660 1756 1841 1789 iudividual,

1584 1791 1671 1818 when
1688 1795 1740 1817 not
1756 1791 1857 1822 white,

1584 1826 1643 1853 will
1668 1826 1701 1852 be
1722 1826 1752 1852 in
1774 1834 1858 1852 some

1642 1861 1714 1887 mise
1735 1863 1799 1887 (not

1622 1896 1811 1929 something)

1601 1930 1741 1957 different
1762 1930 1839 1957 from

1667 1965 1770 1992 white.

1627 2007 1651 2026 2.
1674 2000 1697 2027 It
1718 1999 1742 2027 is
1765 2005 1817 2026 not

1596 2035 1758 2061 ndzsteness
1778 2036 1842 2062 that

1612 2070 1714 2096 would
1737 2070 1824 2096 dulei·

1609 2104 1688 2131 from
1711 2113 1726 2131 a
1747 2105 1834 2138 given

1589 2139 1759 2166 individua!
1782 2141 1845 2166 that

1593 2174 1619 2201 is
1641 2175 1727 2201 black
1748 2175 1776 2201 111
1799 2174 1848 2201 the

1647 2209 1761 2235 instant
1778 2209 1816 2240 [ἐς

1625 2244 1678 2271 but
1699 2245 1735 2270 all
1756 2244 1824 2271 Illac

1625 2279 1649 2305 is
1671 2279 1777 2313 white;
1799 2287 1814 2305 a

1608 2322 1680 2349 very
1701 2313 1842 2340 different

1671 2348 1770 2382 thing.

1608 2419 1635 2445 A
1656 2422 1754 2445 statue
1774 2419 1833 2445 and

1597 2453 1648 2479 the
1670 2453 1757 2479 brass
1778 2453 1841 2479 that

1614 2488 1640 2514 is
1661 2489 1711 2514 the
1732 2492 1830 2514 statue

1679 2523 1768 2549 differ

1626 2557 1823 2593 cntitativcly.
