<?xml version="1.0" encoding="UTF-8"?>
<!DOCTYPE html PUBLIC "-//W3C//DTD XHTML 1.0 Transitional//EN"
    "http://www.w3.org/TR/xhtml1/DTD/xhtml1-transitional.dtd">
<html xmlns="http://www.w3.org/1999/xhtml" xml:lang="en" lang="en">
 <head>
  <title>
</title>
<meta http-equiv="Content-Type" content="text/html;charset=utf-8" />
  <meta name='ocr-system' content='tesseract 3.04.00' />
  <meta name='ocr-capabilities' content='ocr_page ocr_carea ocr_par ocr_line ocrx_word'/>
</head>
<body>
  <div class='ocr_page' id='page_1' title='image "./johanniswycliftr1403wycl/johanniswycliftr1403wycl_0161.png"; bbox 0 0 1996 3322; ppageno 0'>
   <div class='ocr_carea' id='block_1_1' title="bbox 309 273 1052 309">
    <p class='ocr_par' dir='ltr' id='par_1_1' title="bbox 309 273 1052 309">
     <span class='ocr_line' id='line_1_1' title="bbox 309 273 1052 309; baseline -0.007 0"><span class='ocrx_word' id='word_1_1' title='bbox 309 281 398 309; x_wconf 80' lang='lat' dir='ltr'>CAP.</span> <span class='ocrx_word' id='word_1_2' title='bbox 419 281 470 309; x_wconf 85' lang='lat' dir='ltr'>lx.</span> <span class='ocrx_word' id='word_1_3' title='bbox 866 273 1052 305; x_wconf 82' lang='lat' dir='ltr'><strong>LOGICA.</strong></span> 
     </span>
    </p>
   </div>
   <div class='ocr_carea' id='block_1_2' title="bbox 245 380 1616 2463">
    <p class='ocr_par' dir='ltr' id='par_1_2' title="bbox 308 380 1615 431">
     <span class='ocr_line' id='line_1_2' title="bbox 308 380 1615 431; baseline 0 -16"><span class='ocrx_word' id='word_1_4' title='bbox 308 381 357 416; x_wconf 88' lang='lat' dir='ltr'>de</span> <span class='ocrx_word' id='word_1_5' title='bbox 401 381 658 425; x_wconf 85' lang='lat' dir='ltr'>alteracione,</span> <span class='ocrx_word' id='word_1_6' title='bbox 699 382 807 428; x_wconf 88' lang='lat' dir='ltr'>quod</span> <span class='ocrx_word' id='word_1_7' title='bbox 852 389 909 416; x_wconf 88' lang='lat' dir='ltr'>est</span> <span class='ocrx_word' id='word_1_8' title='bbox 942 389 978 416; x_wconf 88' lang='lat' dir='ltr'>et</span> <span class='ocrx_word' id='word_1_9' title='bbox 1011 380 1106 428; x_wconf 89' lang='lat' dir='ltr'>quid</span> <span class='ocrx_word' id='word_1_10' title='bbox 1141 389 1211 431; x_wconf 90' lang='lat' dir='ltr'>est,</span> <span class='ocrx_word' id='word_1_11' title='bbox 1246 380 1468 416; x_wconf 86' lang='lat' dir='ltr'>notandum</span> <span class='ocrx_word' id='word_1_12' title='bbox 1506 381 1615 428; x_wconf 86' lang='lat' dir='ltr'>quod</span> 
     </span>
    </p>

    <p class='ocr_par' dir='ltr' id='par_1_3' title="bbox 307 438 1613 488">
     <span class='ocr_line' id='line_1_3' title="bbox 307 438 1613 488; baseline -0.001 -14"><span class='ocrx_word' id='word_1_13' title='bbox 307 440 436 475; x_wconf 88' lang='lat' dir='ltr'>solum</span> <span class='ocrx_word' id='word_1_14' title='bbox 470 439 697 476; x_wconf 81' lang='lat' dir='ltr'>substancia</span> <span class='ocrx_word' id='word_1_15' title='bbox 730 438 926 475; x_wconf 89' lang='lat' dir='ltr'>sensibilis</span> <span class='ocrx_word' id='word_1_16' title='bbox 959 448 1015 475; x_wconf 87' lang='lat' dir='ltr'>est</span> <span class='ocrx_word' id='word_1_17' title='bbox 1048 438 1208 487; x_wconf 81' lang='lat' dir='ltr'>proprie</span> <span class='ocrx_word' id='word_1_18' title='bbox 1244 438 1477 488; x_wconf 76' lang='lat' dir='ltr'>alterabilis,</span> <span class='ocrx_word' id='word_1_19' title='bbox 1526 451 1613 474; x_wconf 89' lang='lat' dir='ltr'>cum</span> 
     </span>
    </p>

    <p class='ocr_par' dir='ltr' id='par_1_4' title="bbox 308 495 1615 546">
     <span class='ocr_line' id='line_1_4' title="bbox 308 495 1615 546; baseline 0.001 -14"><span class='ocrx_word' id='word_1_20' title='bbox 308 506 436 534; x_wconf 89' lang='lat' dir='ltr'>totum</span> <span class='ocrx_word' id='word_1_21' title='bbox 481 510 605 546; x_wconf 81' lang='lat' dir='ltr'>genus</span> <span class='ocrx_word' id='word_1_22' title='bbox 652 507 781 534; x_wconf 88' lang='lat' dir='ltr'>motus</span> <span class='ocrx_word' id='word_1_23' title='bbox 827 496 1039 533; x_wconf 86' lang='lat' dir='ltr'>successivi</span> <span class='ocrx_word' id='word_1_24' title='bbox 1084 496 1270 533; x_wconf 82' lang='lat' dir='ltr'>sensibile</span> <span class='ocrx_word' id='word_1_25' title='bbox 1305 508 1520 532; x_wconf 89' lang='lat' dir='ltr'>commune</span> <span class='ocrx_word' id='word_1_26' title='bbox 1554 495 1615 534; x_wconf 85' lang='lat' dir='ltr'>sit.</span> 
     </span>
    </p>

    <p class='ocr_par' dir='ltr' id='par_1_5' title="bbox 276 553 1615 662">
     <span class='ocr_line' id='line_1_5' title="bbox 309 553 1614 604; baseline -0.001 -14"><span class='ocrx_word' id='word_1_27' title='bbox 309 555 545 592; x_wconf 87' lang='lat' dir='ltr'>Substancie</span> <span class='ocrx_word' id='word_1_28' title='bbox 599 564 733 592; x_wconf 90' lang='lat' dir='ltr'>autem</span> <span class='ocrx_word' id='word_1_29' title='bbox 780 555 1001 604; x_wconf 77' lang='lat' dir='ltr'>sensibiles,</span> <span class='ocrx_word' id='word_1_30' title='bbox 1047 563 1089 590; x_wconf 90' lang='lat' dir='ltr'>ut</span> <span class='ocrx_word' id='word_1_31' title='bbox 1123 555 1252 591; x_wconf 89' lang='lat' dir='ltr'>forme</span> <span class='ocrx_word' id='word_1_32' title='bbox 1286 562 1322 590; x_wconf 86' lang='lat' dir='ltr'>et</span> <span class='ocrx_word' id='word_1_33' title='bbox 1357 553 1543 597; x_wconf 76' lang='lat' dir='ltr'>materie3</span> <span class='ocrx_word' id='word_1_34' title='bbox 1578 562 1614 589; x_wconf 91' lang='lat' dir='ltr'>et</span> 
     </span>
     <span class='ocr_line' id='line_1_6' title="bbox 276 611 1615 662; baseline -0.002 -11"><span class='ocrx_word' id='word_1_35' title='bbox 276 612 574 662; x_wconf 69' lang='lat' dir='ltr'>Sintelligencie</span> <span class='ocrx_word' id='word_1_36' title='bbox 633 622 723 650; x_wconf 89' lang='lat' dir='ltr'>sunt</span> <span class='ocrx_word' id='word_1_37' title='bbox 768 613 995 649; x_wconf 87' lang='lat' dir='ltr'>alterabiles</span> <span class='ocrx_word' id='word_1_38' title='bbox 1047 612 1290 649; x_wconf 89' lang='lat' dir='ltr'>alteracione</span> <span class='ocrx_word' id='word_1_39' title='bbox 1344 611 1615 648; x_wconf 85' lang='lat' dir='ltr'>communiter</span> 
     </span>
    </p>

    <p class='ocr_par' dir='ltr' id='par_1_6' title="bbox 308 669 1615 722">
     <span class='ocr_line' id='line_1_7' title="bbox 308 669 1615 722; baseline -0.002 -16"><span class='ocrx_word' id='word_1_40' title='bbox 308 670 428 722; x_wconf 89' lang='lat' dir='ltr'>dicta,</span> <span class='ocrx_word' id='word_1_41' title='bbox 474 671 722 719; x_wconf 88' lang='lat' dir='ltr'>acquirendo</span> <span class='ocrx_word' id='word_1_42' title='bbox 768 671 980 720; x_wconf 77' lang='lat' dir='ltr'>bonitates,</span> <span class='ocrx_word' id='word_1_43' title='bbox 1027 670 1235 719; x_wconf 87' lang='lat' dir='ltr'>sciencias,</span> <span class='ocrx_word' id='word_1_44' title='bbox 1284 679 1321 706; x_wconf 91' lang='lat' dir='ltr'>et</span> <span class='ocrx_word' id='word_1_45' title='bbox 1354 669 1453 706; x_wconf 89' lang='lat' dir='ltr'>alias</span> <span class='ocrx_word' id='word_1_46' title='bbox 1488 669 1615 717; x_wconf 91' lang='lat' dir='ltr'>quali-</span> 
     </span>
    </p>

    <p class='ocr_par' dir='ltr' id='par_1_7' title="bbox 307 727 1614 778">
     <span class='ocr_line' id='line_1_8' title="bbox 307 727 1614 778; baseline -0.002 -14"><span class='ocrx_word' id='word_1_47' title='bbox 307 737 407 765; x_wconf 89' lang='lat' dir='ltr'>tates</span> <span class='ocrx_word' id='word_1_48' title='bbox 445 730 672 778; x_wconf 78' lang='lat' dir='ltr'>spirituales</span> <span class='ocrx_word' id='word_1_49' title='bbox 720 742 799 765; x_wconf 91' lang='lat' dir='ltr'>non</span> <span class='ocrx_word' id='word_1_50' title='bbox 840 730 1031 765; x_wconf 79' lang='lat' dir='ltr'>habentes</span> <span class='ocrx_word' id='word_1_51' title='bbox 1071 728 1288 778; x_wconf 87' lang='lat' dir='ltr'>contraria,</span> <span class='ocrx_word' id='word_1_52' title='bbox 1323 728 1390 763; x_wconf 88' lang='lat' dir='ltr'>sed</span> <span class='ocrx_word' id='word_1_53' title='bbox 1424 727 1614 775; x_wconf 71' lang='lat' dir='ltr'>privatixe</span> 
     </span>
    </p>

    <p class='ocr_par' dir='ltr' id='par_1_8' title="bbox 306 785 1613 835">
     <span class='ocr_line' id='line_1_9' title="bbox 306 785 1613 835; baseline -0.002 -13"><span class='ocrx_word' id='word_1_54' title='bbox 306 787 507 835; x_wconf 89' lang='lat' dir='ltr'>opposita.</span> <span class='ocrx_word' id='word_1_55' title='bbox 550 789 627 824; x_wconf 85' lang='lat' dir='ltr'>Sed</span> <span class='ocrx_word' id='word_1_56' title='bbox 652 786 1009 824; x_wconf 78' lang='lat' dir='ltr'>fundamentaliter</span> <span class='ocrx_word' id='word_1_57' title='bbox 1032 787 1316 834; x_wconf 77' lang='lat' dir='ltr'>cognoscendo</span> <span class='ocrx_word' id='word_1_58' title='bbox 1341 785 1613 821; x_wconf 82' lang='lat' dir='ltr'>substanciam</span> 
     </span>
    </p>

    <p class='ocr_par' dir='ltr' id='par_1_9' title="bbox 245 844 1616 2405">
     <span class='ocr_line' id='line_1_10' title="bbox 307 844 1614 897; baseline -0.002 -17"><span class='ocrx_word' id='word_1_59' title='bbox 307 845 572 897; x_wconf 85' lang='lat' dir='ltr'>alterabilem,</span> <span class='ocrx_word' id='word_1_60' title='bbox 613 854 773 894; x_wconf 78' lang='lat' dir='ltr'>oportet</span> <span class='ocrx_word' id='word_1_61' title='bbox 814 857 1056 893; x_wconf 78' lang='lat' dir='ltr'>cognoscere</span> <span class='ocrx_word' id='word_1_62' title='bbox 1097 844 1308 881; x_wconf 79' lang='lat' dir='ltr'>materiam</span> <span class='ocrx_word' id='word_1_63' title='bbox 1350 844 1409 879; x_wconf 89' lang='lat' dir='ltr'>vel</span> <span class='ocrx_word' id='word_1_64' title='bbox 1442 844 1614 879; x_wconf 87' lang='lat' dir='ltr'>formam</span> 
     </span>
     <span class='ocr_line' id='line_1_11' title="bbox 253 900 1616 967; baseline -0.001 -29"><span class='ocrx_word' id='word_1_65' title='bbox 253 912 344 939; x_wconf 81' lang='lat' dir='ltr'>ioet</span> <span class='ocrx_word' id='word_1_66' title='bbox 390 916 528 940; x_wconf 89' lang='lat' dir='ltr'>earum</span> <span class='ocrx_word' id='word_1_67' title='bbox 575 903 932 967; x_wconf 69' lang='lat' dir='ltr'>composicionem,</span> <span class='ocrx_word' id='word_1_68' title='bbox 985 915 1074 939; x_wconf 87' lang='lat' dir='ltr'>cum</span> <span class='ocrx_word' id='word_1_69' title='bbox 1127 901 1358 939; x_wconf 88' lang='lat' dir='ltr'>substancia</span> <span class='ocrx_word' id='word_1_70' title='bbox 1404 901 1453 937; x_wconf 87' lang='lat' dir='ltr'>sit</span> <span class='ocrx_word' id='word_1_71' title='bbox 1506 900 1616 949; x_wconf 86' lang='lat' dir='ltr'>prior</span> 
     </span>
     <span class='ocr_line' id='line_1_12' title="bbox 307 961 1614 1026; baseline -0.003 -27.997"><span class='ocrx_word' id='word_1_72' title='bbox 307 961 528 1026; x_wconf 82' lang='lat' dir='ltr'>accidente,</span> <span class='ocrx_word' id='word_1_73' title='bbox 575 961 808 1009; x_wconf 84' lang='lat' dir='ltr'>cognicione</span> <span class='ocrx_word' id='word_1_74' title='bbox 842 970 880 998; x_wconf 91' lang='lat' dir='ltr'>et</span> <span class='ocrx_word' id='word_1_75' title='bbox 921 961 1162 997; x_wconf 86' lang='lat' dir='ltr'>definicione</span> <span class='ocrx_word' id='word_1_76' title='bbox 1196 969 1234 996; x_wconf 90' lang='lat' dir='ltr'>et</span> <span class='ocrx_word' id='word_1_77' title='bbox 1265 970 1461 1008; x_wconf 86' lang='lat' dir='ltr'>tempore.</span> <span class='ocrx_word' id='word_1_78' title='bbox 1526 961 1614 1004; x_wconf 85' lang='lat' dir='ltr'>Quo</span> 
     </span>
     <span class='ocr_line' id='line_1_13' title="bbox 307 1017 1612 1084; baseline -0.003 -27.997"><span class='ocrx_word' id='word_1_79' title='bbox 307 1021 354 1056; x_wconf 89' lang='lat' dir='ltr'>ad</span> <span class='ocrx_word' id='word_1_80' title='bbox 389 1019 597 1069; x_wconf 77' lang='lat' dir='ltr'>noticiam,</span> <span class='ocrx_word' id='word_1_81' title='bbox 637 1019 951 1084; x_wconf 76' lang='lat' dir='ltr'>ymaginandum</span> <span class='ocrx_word' id='word_1_82' title='bbox 988 1028 1045 1055; x_wconf 81' lang='lat' dir='ltr'>est</span> <span class='ocrx_word' id='word_1_83' title='bbox 1084 1019 1204 1067; x_wconf 73' lang='lat' dir='ltr'>igitur</span> <span class='ocrx_word' id='word_1_84' title='bbox 1234 1032 1354 1055; x_wconf 84' lang='lat' dir='ltr'>unam</span> <span class='ocrx_word' id='word_1_85' title='bbox 1395 1017 1612 1054; x_wconf 88' lang='lat' dir='ltr'>essenciam</span> 
     </span>
     <span class='ocr_line' id='line_1_14' title="bbox 307 1074 1612 1127; baseline -0.002 -14"><span class='ocrx_word' id='word_1_86' title='bbox 307 1090 561 1125; x_wconf 66' lang='lat' dir='ltr'>cor-,pomam</span> <span class='ocrx_word' id='word_1_87' title='bbox 602 1078 641 1114; x_wconf 91' lang='lat' dir='ltr'>in</span> <span class='ocrx_word' id='word_1_88' title='bbox 676 1077 876 1127; x_wconf 77' lang='lat' dir='ltr'>plincipio</span> <span class='ocrx_word' id='word_1_89' title='bbox 922 1078 1176 1127; x_wconf 88' lang='lat' dir='ltr'>productam,</span> <span class='ocrx_word' id='word_1_90' title='bbox 1218 1089 1301 1113; x_wconf 88' lang='lat' dir='ltr'>esse</span> <span class='ocrx_word' id='word_1_91' title='bbox 1348 1088 1389 1112; x_wconf 77' lang='lat' dir='ltr'>ex</span> <span class='ocrx_word' id='word_1_92' title='bbox 1436 1074 1612 1111; x_wconf 88' lang='lat' dir='ltr'>indivisi-</span> 
     </span>
     <span class='ocr_line' id='line_1_15' title="bbox 307 1133 1611 1186; baseline -0.002 -16"><span class='ocrx_word' id='word_1_93' title='bbox 307 1135 451 1172; x_wconf 88' lang='lat' dir='ltr'>bilibus</span> <span class='ocrx_word' id='word_1_94' title='bbox 482 1136 721 1186; x_wconf 87' lang='lat' dir='ltr'>composita,</span> <span class='ocrx_word' id='word_1_95' title='bbox 751 1145 788 1172; x_wconf 90' lang='lat' dir='ltr'>et</span> <span class='ocrx_word' id='word_1_96' title='bbox 812 1148 1011 1183; x_wconf 87' lang='lat' dir='ltr'>occupare</span> <span class='ocrx_word' id='word_1_97' title='bbox 1036 1148 1197 1171; x_wconf 89' lang='lat' dir='ltr'>omnem</span> <span class='ocrx_word' id='word_1_98' title='bbox 1223 1136 1354 1171; x_wconf 75' lang='lat' dir='ltr'>locun]</span> <span class='ocrx_word' id='word_1_99' title='bbox 1381 1133 1611 1182; x_wconf 88' lang='lat' dir='ltr'>possibilem</span> 
     </span>
     <span class='ocr_line' id='line_1_16' title="bbox 308 1191 1611 1242; baseline -0.002 -13"><span class='ocrx_word' id='word_1_100' title='bbox 308 1206 379 1230; x_wconf 85' lang='lat' dir='ltr'>nec</span> <span class='ocrx_word' id='word_1_101' title='bbox 414 1207 497 1231; x_wconf 89' lang='lat' dir='ltr'>esse</span> <span class='ocrx_word' id='word_1_102' title='bbox 529 1196 750 1231; x_wconf 85' lang='lat' dir='ltr'>secundum</span> <span class='ocrx_word' id='word_1_103' title='bbox 776 1194 858 1230; x_wconf 90' lang='lat' dir='ltr'>eius</span> <span class='ocrx_word' id='word_1_104' title='bbox 892 1202 1046 1242; x_wconf 87' lang='lat' dir='ltr'>partem</span> <span class='ocrx_word' id='word_1_105' title='bbox 1082 1194 1260 1242; x_wconf 86' lang='lat' dir='ltr'>aliquam</span> <span class='ocrx_word' id='word_1_106' title='bbox 1295 1191 1611 1242; x_wconf 79' lang='lat' dir='ltr'>corruptibilem</span> 
     </span>
     <span class='ocr_line' id='line_1_17' title="bbox 306 1249 1612 1300; baseline -0.002 -13"><span class='ocrx_word' id='word_1_107' title='bbox 306 1251 379 1287; x_wconf 86' lang='lat' dir='ltr'>nisi</span> <span class='ocrx_word' id='word_1_108' title='bbox 427 1253 528 1289; x_wconf 88' lang='lat' dir='ltr'>forte</span> <span class='ocrx_word' id='word_1_109' title='bbox 563 1266 632 1300; x_wconf 91' lang='lat' dir='ltr'>per</span> <span class='ocrx_word' id='word_1_110' title='bbox 665 1252 899 1289; x_wconf 77' lang='lat' dir='ltr'>divisionem</span> <span class='ocrx_word' id='word_1_111' title='bbox 936 1252 995 1288; x_wconf 86' lang='lat' dir='ltr'>vel</span> <span class='ocrx_word' id='word_1_112' title='bbox 1029 1252 1330 1300; x_wconf 86' lang='lat' dir='ltr'>separacionem</span> <span class='ocrx_word' id='word_1_113' title='bbox 1368 1249 1486 1286; x_wconf 89' lang='lat' dir='ltr'>unius</span> <span class='ocrx_word' id='word_1_114' title='bbox 1522 1262 1612 1297; x_wconf 87' lang='lat' dir='ltr'>par</span> 
     </span>
     <span class='ocr_line' id='line_1_18' title="bbox 305 1310 1611 1359; baseline -0.002 -14"><span class='ocrx_word' id='word_1_115' title='bbox 305 1310 354 1345; x_wconf 89' lang='lat' dir='ltr'>tis</span> <span class='ocrx_word' id='word_1_116' title='bbox 399 1323 421 1346; x_wconf 85' lang='lat' dir='ltr'>a</span> <span class='ocrx_word' id='word_1_117' title='bbox 468 1311 636 1359; x_wconf 86' lang='lat' dir='ltr'>reliqua.</span> <span class='ocrx_word' id='word_1_118' title='bbox 701 1311 777 1347; x_wconf 88' lang='lat' dir='ltr'>Sed</span> <span class='ocrx_word' id='word_1_119' title='bbox 823 1323 913 1347; x_wconf 90' lang='lat' dir='ltr'>cum</span> <span class='ocrx_word' id='word_1_120' title='bbox 964 1319 1124 1358; x_wconf 78' lang='lat' dir='ltr'>oportet</span> <span class='ocrx_word' id='word_1_121' title='bbox 1171 1310 1278 1346; x_wconf 85' lang='lat' dir='ltr'>illam</span> <span class='ocrx_word' id='word_1_122' title='bbox 1321 1317 1447 1344; x_wconf 85' lang='lat' dir='ltr'>totam</span> <span class='ocrx_word' id='word_1_123' title='bbox 1483 1320 1611 1343; x_wconf 85' lang='lat' dir='ltr'>essen-</span> 
     </span>
     <span class='ocr_line' id='line_1_19' title="bbox 306 1365 1612 1417; baseline -0.003 -13"><span class='ocrx_word' id='word_1_124' title='bbox 306 1368 408 1405; x_wconf 84' lang='lat' dir='ltr'>ciam</span> <span class='ocrx_word' id='word_1_125' title='bbox 468 1370 615 1405; x_wconf 88' lang='lat' dir='ltr'>habere</span> <span class='ocrx_word' id='word_1_126' title='bbox 673 1381 958 1417; x_wconf 85' lang='lat' dir='ltr'>quamcunque</span> <span class='ocrx_word' id='word_1_127' title='bbox 1004 1378 1157 1416; x_wconf 86' lang='lat' dir='ltr'>partem</span> <span class='ocrx_word' id='word_1_128' title='bbox 1206 1369 1326 1404; x_wconf 86' lang='lat' dir='ltr'>talem</span> <span class='ocrx_word' id='word_1_129' title='bbox 1383 1365 1612 1414; x_wconf 81' lang='lat' dir='ltr'>aliqualitel</span> 
     </span>
     <span class='ocr_line' id='line_1_20' title="bbox 306 1423 1610 1475; baseline -0.002 -13"><span class='ocrx_word' id='word_1_130' title='bbox 306 1426 598 1471; x_wconf 84' lang='lat' dir='ltr'>continuatam,</span> <span class='ocrx_word' id='word_1_131' title='bbox 646 1436 754 1475; x_wconf 88' lang='lat' dir='ltr'>patet</span> <span class='ocrx_word' id='word_1_132' title='bbox 800 1428 908 1475; x_wconf 86' lang='lat' dir='ltr'>quod</span> <span class='ocrx_word' id='word_1_133' title='bbox 954 1426 1022 1463; x_wconf 86' lang='lat' dir='ltr'>illa</span> <span class='ocrx_word' id='word_1_134' title='bbox 1056 1426 1232 1463; x_wconf 88' lang='lat' dir='ltr'>essencia</span> <span class='ocrx_word' id='word_1_135' title='bbox 1273 1423 1508 1473; x_wconf 86' lang='lat' dir='ltr'>simpliciter</span> <span class='ocrx_word' id='word_1_136' title='bbox 1555 1432 1610 1460; x_wconf 86' lang='lat' dir='ltr'>est</span> 
     </span>
     <span class='ocr_line' id='line_1_21' title="bbox 305 1481 1611 1533; baseline -0.003 -13"><span class='ocrx_word' id='word_1_137' title='bbox 305 1484 645 1533; x_wconf 83' lang='lat' dir='ltr'>incorruptibilis3</span> <span class='ocrx_word' id='word_1_138' title='bbox 681 1494 717 1521; x_wconf 89' lang='lat' dir='ltr'>et</span> <span class='ocrx_word' id='word_1_139' title='bbox 751 1485 818 1521; x_wconf 91' lang='lat' dir='ltr'>illa</span> <span class='ocrx_word' id='word_1_140' title='bbox 852 1484 1029 1521; x_wconf 87' lang='lat' dir='ltr'>essencia</span> <span class='ocrx_word' id='word_1_141' title='bbox 1063 1484 1194 1532; x_wconf 86' lang='lat' dir='ltr'>primo</span> <span class='ocrx_word' id='word_1_142' title='bbox 1229 1483 1348 1520; x_wconf 90' lang='lat' dir='ltr'>fuisse</span> <span class='ocrx_word' id='word_1_143' title='bbox 1383 1481 1611 1529; x_wconf 87' lang='lat' dir='ltr'>concipitur</span> 
     </span>
     <span class='ocr_line' id='line_1_22' title="bbox 304 1539 1611 1591; baseline -0.003 -13"><span class='ocrx_word' id='word_1_144' title='bbox 304 1544 376 1579; x_wconf 91' lang='lat' dir='ltr'>sub</span> <span class='ocrx_word' id='word_1_145' title='bbox 422 1543 584 1580; x_wconf 90' lang='lat' dir='ltr'>racione</span> <span class='ocrx_word' id='word_1_146' title='bbox 635 1556 714 1591; x_wconf 90' lang='lat' dir='ltr'>qua</span> <span class='ocrx_word' id='word_1_147' title='bbox 759 1556 828 1580; x_wconf 88' lang='lat' dir='ltr'>ens</span> <span class='ocrx_word' id='word_1_148' title='bbox 873 1542 1122 1590; x_wconf 85' lang='lat' dir='ltr'>simpliciter,</span> <span class='ocrx_word' id='word_1_149' title='bbox 1169 1551 1205 1578; x_wconf 89' lang='lat' dir='ltr'>et</span> <span class='ocrx_word' id='word_1_150' title='bbox 1238 1554 1309 1578; x_wconf 89' lang='lat' dir='ltr'>nec</span> <span class='ocrx_word' id='word_1_151' title='bbox 1343 1550 1384 1577; x_wconf 91' lang='lat' dir='ltr'>ut</span> <span class='ocrx_word' id='word_1_152' title='bbox 1419 1539 1519 1588; x_wconf 82' lang='lat' dir='ltr'>ignis</span> <span class='ocrx_word' id='word_1_153' title='bbox 1552 1540 1611 1576; x_wconf 70' lang='lat' dir='ltr'>vel</span> 
     </span>
     <span class='ocr_line' id='line_1_23' title="bbox 304 1597 1611 1650; baseline -0.003 -13"><span class='ocrx_word' id='word_1_154' title='bbox 304 1613 384 1647; x_wconf 83' lang='lat' dir='ltr'>aer,</span> <span class='ocrx_word' id='word_1_155' title='bbox 442 1602 503 1638; x_wconf 93' lang='lat' dir='ltr'>vel</span> <span class='ocrx_word' id='word_1_156' title='bbox 561 1601 835 1650; x_wconf 87' lang='lat' dir='ltr'>cuiuscunque</span> <span class='ocrx_word' id='word_1_157' title='bbox 893 1600 1058 1637; x_wconf 85' lang='lat' dir='ltr'>alterius</span> <span class='ocrx_word' id='word_1_158' title='bbox 1111 1599 1267 1648; x_wconf 81' lang='lat' dir='ltr'>generis</span> <span class='ocrx_word' id='word_1_159' title='bbox 1327 1599 1386 1635; x_wconf 90' lang='lat' dir='ltr'>vel</span> <span class='ocrx_word' id='word_1_160' title='bbox 1447 1597 1611 1646; x_wconf 90' lang='lat' dir='ltr'>speciei;</span> 
     </span>
     <span class='ocr_line' id='line_1_24' title="bbox 304 1657 1610 1708; baseline -0.003 -13"><span class='ocrx_word' id='word_1_161' title='bbox 304 1661 511 1707; x_wconf 86' lang='lat' dir='ltr'>quomodo</span> <span class='ocrx_word' id='word_1_162' title='bbox 545 1659 755 1708; x_wconf 84' lang='lat' dir='ltr'>gramatici</span> <span class='ocrx_word' id='word_1_163' title='bbox 795 1659 932 1695; x_wconf 90' lang='lat' dir='ltr'>dicunt</span> <span class='ocrx_word' id='word_1_164' title='bbox 965 1671 1191 1707; x_wconf 86' lang='lat' dir='ltr'>pronomen</span> <span class='ocrx_word' id='word_1_165' title='bbox 1225 1657 1425 1705; x_wconf 81' lang='lat' dir='ltr'>singulare</span> <span class='ocrx_word' id='word_1_166' title='bbox 1460 1668 1610 1692; x_wconf 86' lang='lat' dir='ltr'>meram</span> 
     </span>
     <span class='ocr_line' id='line_1_25' title="bbox 304 1715 1612 1765; baseline -0.003 -12"><span class='ocrx_word' id='word_1_167' title='bbox 304 1717 592 1754; x_wconf 84' lang='lat' dir='ltr'>substanciam.</span> <span class='ocrx_word' id='word_1_168' title='bbox 664 1719 742 1754; x_wconf 87' lang='lat' dir='ltr'>Sed</span> <span class='ocrx_word' id='word_1_169' title='bbox 791 1717 1037 1765; x_wconf 84' lang='lat' dir='ltr'>philosophi,</span> <span class='ocrx_word' id='word_1_170' title='bbox 1083 1716 1251 1753; x_wconf 88' lang='lat' dir='ltr'>ulterius</span> <span class='ocrx_word' id='word_1_171' title='bbox 1298 1715 1612 1759; x_wconf 79' lang='lat' dir='ltr'>considerantes,</span> 
     </span>
     <span class='ocr_line' id='line_1_26' title="bbox 304 1772 1610 1829; baseline -0.004 -17"><span class='ocrx_word' id='word_1_172' title='bbox 304 1772 563 1829; x_wconf 68' lang='lat' dir='ltr'>quamlibet}</span> <span class='ocrx_word' id='word_1_173' title='bbox 607 1776 726 1812; x_wconf 88' lang='lat' dir='ltr'>talem</span> <span class='ocrx_word' id='word_1_174' title='bbox 776 1775 1034 1812; x_wconf 89' lang='lat' dir='ltr'>essencialem</span> <span class='ocrx_word' id='word_1_175' title='bbox 1081 1774 1299 1811; x_wconf 89' lang='lat' dir='ltr'>essenciam</span> <span class='ocrx_word' id='word_1_176' title='bbox 1353 1785 1435 1809; x_wconf 89' lang='lat' dir='ltr'>esse</span> <span class='ocrx_word' id='word_1_177' title='bbox 1487 1785 1610 1808; x_wconf 88' lang='lat' dir='ltr'>unum</span> 
     </span>
     <span class='ocr_line' id='line_1_27' title="bbox 303 1829 1611 1882; baseline -0.004 -12"><span class='ocrx_word' id='word_1_178' title='bbox 303 1834 531 1870; x_wconf 86' lang='lat' dir='ltr'>absolutum</span> <span class='ocrx_word' id='word_1_179' title='bbox 573 1833 635 1870; x_wconf 90' lang='lat' dir='ltr'>cui</span> <span class='ocrx_word' id='word_1_180' title='bbox 675 1845 745 1882; x_wconf 89' lang='lat' dir='ltr'>per</span> <span class='ocrx_word' id='word_1_181' title='bbox 777 1845 818 1870; x_wconf 91' lang='lat' dir='ltr'>se</span> <span class='ocrx_word' id='word_1_182' title='bbox 865 1833 1059 1881; x_wconf 87' lang='lat' dir='ltr'>competit</span> <span class='ocrx_word' id='word_1_183' title='bbox 1105 1834 1287 1869; x_wconf 90' lang='lat' dir='ltr'>substare</span> <span class='ocrx_word' id='word_1_184' title='bbox 1320 1829 1611 1876; x_wconf 88' lang='lat' dir='ltr'>accidentibus,</span> 
     </span>
     <span class='ocr_line' id='line_1_28' title="bbox 304 1890 1612 1938; baseline -0.003 -11"><span class='ocrx_word' id='word_1_185' title='bbox 304 1891 485 1928; x_wconf 91' lang='lat' dir='ltr'>tribuunt</span> <span class='ocrx_word' id='word_1_186' title='bbox 542 1891 618 1928; x_wconf 89' lang='lat' dir='ltr'>sibi</span> <span class='ocrx_word' id='word_1_187' title='bbox 661 1891 1063 1928; x_wconf 88' lang='lat' dir='ltr'>substancialitatem.</span> <span class='ocrx_word' id='word_1_188' title='bbox 1126 1893 1174 1927; x_wconf 86' lang='lat' dir='ltr'>Et</span> <span class='ocrx_word' id='word_1_189' title='bbox 1217 1898 1308 1938; x_wconf 91' lang='lat' dir='ltr'>post</span> <span class='ocrx_word' id='word_1_190' title='bbox 1349 1890 1483 1934; x_wconf 88' lang='lat' dir='ltr'>modo,</span> <span class='ocrx_word' id='word_1_191' title='bbox 1520 1900 1612 1924; x_wconf 92' lang='lat' dir='ltr'>con-</span> 
     </span>
     <span class='ocr_line' id='line_1_29' title="bbox 302 1946 1608 1998; baseline -0.004 -12"><span class='ocrx_word' id='word_1_192' title='bbox 302 1949 477 1986; x_wconf 86' lang='lat' dir='ltr'>siderata</span> <span class='ocrx_word' id='word_1_193' title='bbox 512 1949 595 1986; x_wconf 87' lang='lat' dir='ltr'>eius</span> <span class='ocrx_word' id='word_1_194' title='bbox 629 1949 872 1998; x_wconf 85' lang='lat' dir='ltr'>extensione,</span> <span class='ocrx_word' id='word_1_195' title='bbox 919 1949 1144 1986; x_wconf 89' lang='lat' dir='ltr'>attribuunt</span> <span class='ocrx_word' id='word_1_196' title='bbox 1177 1948 1248 1985; x_wconf 88' lang='lat' dir='ltr'>sibi</span> <span class='ocrx_word' id='word_1_197' title='bbox 1298 1946 1608 1995; x_wconf 82' lang='lat' dir='ltr'>corporeitatem</span> 
     </span>
     <span class='ocr_line' id='line_1_30' title="bbox 302 2003 1609 2056; baseline -0.003 -13"><span class='ocrx_word' id='word_1_198' title='bbox 302 2021 422 2056; x_wconf 87' lang='lat' dir='ltr'>quam</span> <span class='ocrx_word' id='word_1_199' title='bbox 460 2007 734 2045; x_wconf 86' lang='lat' dir='ltr'>Linconiensis</span> <span class='ocrx_word' id='word_1_200' title='bbox 766 2015 882 2044; x_wconf 89' lang='lat' dir='ltr'>vocat</span> <span class='ocrx_word' id='word_1_201' title='bbox 915 2008 1059 2044; x_wconf 90' lang='lat' dir='ltr'>lucem.</span> <span class='ocrx_word' id='word_1_202' title='bbox 1094 2009 1142 2043; x_wconf 89' lang='lat' dir='ltr'>Et</span> <span class='ocrx_word' id='word_1_203' title='bbox 1178 2007 1220 2043; x_wconf 84' lang='lat'>30</span> <span class='ocrx_word' id='word_1_204' title='bbox 1250 2007 1422 2042; x_wconf 90' lang='lat' dir='ltr'>formam</span> <span class='ocrx_word' id='word_1_205' title='bbox 1454 2003 1609 2052; x_wconf 80' lang='lat' dir='ltr'>generis</span> 
     </span>
     <span class='ocr_line' id='line_1_31' title="bbox 302 2062 1611 2114; baseline -0.003 -13"><span class='ocrx_word' id='word_1_206' title='bbox 302 2065 486 2114; x_wconf 85' lang='lat' dir='ltr'>proximi,</span> <span class='ocrx_word' id='word_1_207' title='bbox 520 2076 561 2103; x_wconf 88' lang='lat' dir='ltr'>ut</span> <span class='ocrx_word' id='word_1_208' title='bbox 593 2066 899 2111; x_wconf 86' lang='lat' dir='ltr'>animalitatem,</span> <span class='ocrx_word' id='word_1_209' title='bbox 934 2066 1185 2114; x_wconf 90' lang='lat' dir='ltr'>lapiditatem</span> <span class='ocrx_word' id='word_1_210' title='bbox 1220 2065 1280 2101; x_wconf 92' lang='lat' dir='ltr'>vel</span> <span class='ocrx_word' id='word_1_211' title='bbox 1324 2063 1433 2100; x_wconf 85' lang='lat' dir='ltr'>aliud</span> <span class='ocrx_word' id='word_1_212' title='bbox 1476 2062 1611 2098; x_wconf 89' lang='lat' dir='ltr'>huius—</span> 
     </span>
     <span class='ocr_line' id='line_1_32' title="bbox 302 2120 1609 2173; baseline -0.003 -14"><span class='ocrx_word' id='word_1_213' title='bbox 302 2124 425 2162; x_wconf 62' lang='lat' dir='ltr'>modi⁴</span> <span class='ocrx_word' id='word_1_214' title='bbox 489 2126 536 2160; x_wconf 88' lang='lat' dir='ltr'>Et</span> <span class='ocrx_word' id='word_1_215' title='bbox 582 2133 742 2173; x_wconf 80' lang='lat' dir='ltr'>quarto,</span> <span class='ocrx_word' id='word_1_216' title='bbox 789 2123 1044 2160; x_wconf 87' lang='lat' dir='ltr'>considerata</span> <span class='ocrx_word' id='word_1_217' title='bbox 1089 2123 1249 2160; x_wconf 87' lang='lat' dir='ltr'>racione</span> <span class='ocrx_word' id='word_1_218' title='bbox 1289 2120 1517 2164; x_wconf 82' lang='lat' dir='ltr'>sufficienti,</span> <span class='ocrx_word' id='word_1_219' title='bbox 1553 2129 1609 2156; x_wconf 91' lang='lat' dir='ltr'>at-</span> 
     </span>
     <span class='ocr_line' id='line_1_33' title="bbox 301 2178 1609 2230; baseline -0.002 -13"><span class='ocrx_word' id='word_1_220' title='bbox 301 2181 480 2219; x_wconf 88' lang='lat' dir='ltr'>tribuunt</span> <span class='ocrx_word' id='word_1_221' title='bbox 518 2182 591 2219; x_wconf 89' lang='lat' dir='ltr'>sibi</span> <span class='ocrx_word' id='word_1_222' title='bbox 626 2183 754 2218; x_wconf 88' lang='lat' dir='ltr'>forma</span> <span class='ocrx_word' id='word_1_223' title='bbox 787 2181 1140 2230; x_wconf 78' lang='lat' dir='ltr'>specialissimam3</span> <span class='ocrx_word' id='word_1_224' title='bbox 1180 2181 1269 2217; x_wconf 89' lang='lat' dir='ltr'>ideo</span> <span class='ocrx_word' id='word_1_225' title='bbox 1303 2179 1440 2216; x_wconf 90' lang='lat' dir='ltr'>dicunt</span> <span class='ocrx_word' id='word_1_226' title='bbox 1481 2178 1609 2227; x_wconf 88' lang='lat' dir='ltr'>philo-</span> 
     </span>
     <span class='ocr_line' id='line_1_34' title="bbox 300 2237 1608 2289; baseline -0.003 -14"><span class='ocrx_word' id='word_1_227' title='bbox 300 2240 415 2288; x_wconf 85' lang='lat' dir='ltr'>sophi</span> <span class='ocrx_word' id='word_1_228' title='bbox 462 2243 569 2289; x_wconf 88' lang='lat' dir='ltr'>quod</span> <span class='ocrx_word' id='word_1_229' title='bbox 617 2240 938 2277; x_wconf 89' lang='lat' dir='ltr'>substanciarum</span> <span class='ocrx_word' id='word_1_230' title='bbox 985 2240 1063 2277; x_wconf 88' lang='lat' dir='ltr'>alia</span> <span class='ocrx_word' id='word_1_231' title='bbox 1113 2239 1295 2285; x_wconf 86' lang='lat' dir='ltr'>materia,</span> <span class='ocrx_word' id='word_1_232' title='bbox 1342 2237 1420 2274; x_wconf 89' lang='lat' dir='ltr'>alia</span> <span class='ocrx_word' id='word_1_233' title='bbox 1464 2237 1608 2282; x_wconf 85' lang='lat' dir='ltr'>forma,</span> 
     </span>
     <span class='ocr_line' id='line_1_35' title="bbox 301 2296 1608 2348; baseline -0.003 -14"><span class='ocrx_word' id='word_1_234' title='bbox 301 2298 378 2334; x_wconf 87' lang='lat' dir='ltr'>alia</span> <span class='ocrx_word' id='word_1_235' title='bbox 418 2299 686 2348; x_wconf 87' lang='lat' dir='ltr'>compositum</span> <span class='ocrx_word' id='word_1_236' title='bbox 729 2311 772 2335; x_wconf 81' lang='lat' dir='ltr'>ex</span> <span class='ocrx_word' id='word_1_237' title='bbox 811 2298 900 2337; x_wconf 91' lang='lat' dir='ltr'>hiis.</span> <span class='ocrx_word' id='word_1_238' title='bbox 964 2299 1078 2336; x_wconf 88' lang='lat' dir='ltr'>Unde</span> <span class='ocrx_word' id='word_1_239' title='bbox 1123 2296 1353 2334; x_wconf 87' lang='lat' dir='ltr'>substancia</span> <span class='ocrx_word' id='word_1_240' title='bbox 1399 2307 1608 2343; x_wconf 82' lang='lat' dir='ltr'>corporea,</span> 
     </span>
     <span class='ocr_line' id='line_1_36' title="bbox 245 2352 1609 2405; baseline -0.001 -15"><span class='ocrx_word' id='word_1_241' title='bbox 245 2359 284 2390; x_wconf 73' lang='lat'>35</span> <span class='ocrx_word' id='word_1_242' title='bbox 301 2368 378 2404; x_wconf 89' lang='lat' dir='ltr'>que</span> <span class='ocrx_word' id='word_1_243' title='bbox 417 2366 474 2393; x_wconf 89' lang='lat' dir='ltr'>est</span> <span class='ocrx_word' id='word_1_244' title='bbox 507 2370 644 2405; x_wconf 83' lang='lat' dir='ltr'>genus,</span> <span class='ocrx_word' id='word_1_245' title='bbox 690 2370 771 2393; x_wconf 90' lang='lat' dir='ltr'>non</span> <span class='ocrx_word' id='word_1_246' title='bbox 816 2356 1069 2402; x_wconf 84' lang='lat' dir='ltr'>univocatur‚</span> <span class='ocrx_word' id='word_1_247' title='bbox 1119 2355 1196 2392; x_wconf 91' lang='lat' dir='ltr'>nisi</span> <span class='ocrx_word' id='word_1_248' title='bbox 1234 2364 1271 2392; x_wconf 88' lang='lat' dir='ltr'>et</span> <span class='ocrx_word' id='word_1_249' title='bbox 1307 2352 1609 2402; x_wconf 81' lang='lat' dir='ltr'>composicione</span> 
     </span>
    </p>

    <p class='ocr_par' dir='ltr' id='par_1_10' title="bbox 301 2412 1610 2463">
     <span class='ocr_line' id='line_1_37' title="bbox 301 2412 1610 2463; baseline -0.004 -12"><span class='ocrx_word' id='word_1_250' title='bbox 301 2427 344 2451; x_wconf 82' lang='lat' dir='ltr'>ex</span> <span class='ocrx_word' id='word_1_251' title='bbox 391 2415 560 2453; x_wconf 88' lang='lat' dir='ltr'>materia</span> <span class='ocrx_word' id='word_1_252' title='bbox 608 2424 645 2452; x_wconf 90' lang='lat' dir='ltr'>et</span> <span class='ocrx_word' id='word_1_253' title='bbox 690 2415 833 2453; x_wconf 81' lang='lat' dir='ltr'>forma.</span> <span class='ocrx_word' id='word_1_254' title='bbox 897 2416 975 2452; x_wconf 87' lang='lat' dir='ltr'>Sed</span> <span class='ocrx_word' id='word_1_255' title='bbox 1009 2416 1172 2463; x_wconf 91' lang='lat' dir='ltr'>quando</span> <span class='ocrx_word' id='word_1_256' title='bbox 1205 2412 1412 2462; x_wconf 88' lang='lat' dir='ltr'>loquimur</span> <span class='ocrx_word' id='word_1_257' title='bbox 1445 2412 1493 2447; x_wconf 88' lang='lat' dir='ltr'>de</span> <span class='ocrx_word' id='word_1_258' title='bbox 1527 2423 1610 2447; x_wconf 86' lang='lat' dir='ltr'>rna-</span> 
     </span>
    </p>
   </div>
   <div class='ocr_carea' id='block_1_3' title="bbox 253 1199 288 1229">
    <p class='ocr_par' dir='ltr' id='par_1_11' title="bbox 253 1199 288 1229">
     <span class='ocr_line' id='line_1_38' title="bbox 253 1199 288 1229; baseline 0.029 -1"><span class='ocrx_word' id='word_1_259' title='bbox 253 1199 288 1229; x_wconf 74' lang='lat'>15</span> 
     </span>
    </p>
   </div>
   <div class='ocr_carea' id='block_1_4' title="bbox 248 1499 289 1518">
    <p class='ocr_par' dir='ltr' id='par_1_12' title="bbox 248 1499 289 1518">
     <span class='ocr_line' id='line_1_39' title="bbox 248 1499 289 1518; baseline 0 0"><span class='ocrx_word' id='word_1_260' title='bbox 248 1499 289 1518; x_wconf 81' lang='lat'>20</span> 
     </span>
    </p>
   </div>
   <div class='ocr_carea' id='block_1_5' title="bbox 162 1776 281 1819">
    <p class='ocr_par' dir='ltr' id='par_1_13' title="bbox 162 1776 281 1819">
     <span class='ocr_line' id='line_1_40' title="bbox 162 1776 281 1819; baseline 0.008 -11"><span class='ocrx_word' id='word_1_261' title='bbox 162 1778 186 1808; x_wconf 81' lang='grc' dir='ltr'>Β</span> <span class='ocrx_word' id='word_1_262' title='bbox 203 1776 281 1819; x_wconf 72' lang='lat' dir='ltr'>14o&#39;&#39;</span> 
     </span>
    </p>
   </div>
   <div class='ocr_carea' id='block_1_6' title="bbox 245 2069 286 2100">
    <p class='ocr_par' dir='ltr' id='par_1_14' title="bbox 245 2069 286 2100">
     <span class='ocr_line' id='line_1_41' title="bbox 245 2069 286 2100; baseline 0.049 -5"><span class='ocrx_word' id='word_1_263' title='bbox 245 2069 260 2100; x_wconf 66' lang='lat'>&#39;3</span> <span class='ocrx_word' id='word_1_264' title='bbox 266 2079 286 2097; x_wconf 87' lang='lat' dir='ltr'>o</span> 
     </span>
    </p>
   </div>
   <div class='ocr_carea' id='block_1_7' title="bbox 1832 275 1906 311">
    <p class='ocr_par' dir='ltr' id='par_1_15' title="bbox 1832 275 1906 311">
     <span class='ocr_line' id='line_1_42' title="bbox 1832 275 1906 311; baseline 0 -10"><span class='ocrx_word' id='word_1_265' title='bbox 1832 275 1906 311; x_wconf 77' lang='lat'>110</span> 
     </span>
    </p>
   </div>
   <div class='ocr_carea' id='block_1_8' title="bbox 1643 386 1893 761">
    <p class='ocr_par' dir='ltr' id='par_1_16' title="bbox 1678 386 1863 492">
     <span class='ocr_line' id='line_1_43' title="bbox 1713 386 1838 423; baseline 0.016 -10"><span class='ocrx_word' id='word_1_266' title='bbox 1713 386 1801 423; x_wconf 74' lang='lat' dir='ltr'>being</span> <span class='ocrx_word' id='word_1_267' title='bbox 1823 397 1838 415; x_wconf 83' lang='lat' dir='ltr'>a</span> 
     </span>
     <span class='ocr_line' id='line_1_44' title="bbox 1686 423 1857 450; baseline 0.012 -2"><span class='ocrx_word' id='word_1_268' title='bbox 1686 423 1857 450; x_wconf 73' lang='lat' dir='ltr'>successive</span> 
     </span>
     <span class='ocr_line' id='line_1_45' title="bbox 1678 464 1863 492; baseline 0.011 -9"><span class='ocrx_word' id='word_1_269' title='bbox 1678 464 1863 492; x_wconf 61' lang='lat' dir='ltr'>moventem,</span> 
     </span>
    </p>

    <p class='ocr_par' dir='ltr' id='par_1_17' title="bbox 1644 493 1893 761">
     <span class='ocr_line' id='line_1_46' title="bbox 1732 493 1804 528; baseline -0.014 -9"><span class='ocrx_word' id='word_1_270' title='bbox 1732 493 1804 528; x_wconf 87' lang='lat' dir='ltr'>only</span> 
     </span>
     <span class='ocr_line' id='line_1_47' title="bbox 1650 528 1891 554; baseline 0.004 -1"><span class='ocrx_word' id='word_1_271' title='bbox 1650 531 1759 554; x_wconf 82' lang='lat' dir='ltr'>matter</span> <span class='ocrx_word' id='word_1_272' title='bbox 1779 535 1834 554; x_wconf 86' lang='lat' dir='ltr'>can</span> <span class='ocrx_word' id='word_1_273' title='bbox 1858 528 1891 554; x_wconf 84' lang='lat' dir='ltr'>be</span> 
     </span>
     <span class='ocr_line' id='line_1_48' title="bbox 1700 562 1830 594; baseline 0.015 -7"><span class='ocrx_word' id='word_1_274' title='bbox 1700 562 1811 588; x_wconf 83' lang='lat' dir='ltr'>altered</span> <span class='ocrx_word' id='word_1_275' title='bbox 1825 573 1830 594; x_wconf 84' lang='lat'><strong>;</strong></span> 
     </span>
     <span class='ocr_line' id='line_1_49' title="bbox 1649 596 1889 631; baseline 0.008 -10"><span class='ocrx_word' id='word_1_276' title='bbox 1649 597 1701 622; x_wconf 89' lang='lat' dir='ltr'>but</span> <span class='ocrx_word' id='word_1_277' title='bbox 1722 596 1889 631; x_wconf 75' lang='lat' dir='ltr'>intelligent</span> 
     </span>
     <span class='ocr_line' id='line_1_50' title="bbox 1721 617 1836 665; baseline -0.009 -8"><span class='ocrx_word' id='word_1_278' title='bbox 1721 617 1836 665; x_wconf 78' lang='lat' dir='ltr'>beings</span> 
     </span>
     <span class='ocr_line' id='line_1_51' title="bbox 1701 665 1839 704; baseline 0.007 -13"><span class='ocrx_word' id='word_1_279' title='bbox 1701 665 1839 704; x_wconf 74' lang='lat' dir='ltr'>undeigo</span> 
     </span>
     <span class='ocr_line' id='line_1_52' title="bbox 1643 700 1893 727; baseline 0 -1"><span class='ocrx_word' id='word_1_280' title='bbox 1643 700 1719 726; x_wconf 68' lang='lat' dir='ltr'>alten</span> <span class='ocrx_word' id='word_1_281' title='bbox 1723 701 1804 726; x_wconf 78' lang='lat' dir='ltr'>atlon</span> <span class='ocrx_word' id='word_1_282' title='bbox 1828 700 1855 727; x_wconf 92' lang='lat' dir='ltr'>in</span> <span class='ocrx_word' id='word_1_283' title='bbox 1878 708 1893 726; x_wconf 86' lang='lat' dir='ltr'>a</span> 
     </span>
     <span class='ocr_line' id='line_1_53' title="bbox 1667 735 1864 761; baseline 0.011 -2"><span class='ocrx_word' id='word_1_284' title='bbox 1667 735 1780 761; x_wconf 66' lang='lat' dir='ltr'>wside</span> <span class='ocrx_word' id='word_1_285' title='bbox 1768 743 1864 761; x_wconf 75' lang='lat' dir='ltr'>ense</span> 
     </span>
    </p>
   </div>
   <div class='ocr_carea' id='block_1_9' title="bbox 1646 966 1889 2079">
    <p class='ocr_par' dir='ltr' id='par_1_18' title="bbox 1654 966 1880 1070">
     <span class='ocr_line' id='line_1_54' title="bbox 1654 966 1880 994; baseline 0 -1"><span class='ocrx_word' id='word_1_286' title='bbox 1654 966 1756 993; x_wconf 81' lang='lat' dir='ltr'>There</span> <span class='ocrx_word' id='word_1_287' title='bbox 1776 967 1801 993; x_wconf 88' lang='lat' dir='ltr'>is</span> <span class='ocrx_word' id='word_1_288' title='bbox 1822 975 1880 994; x_wconf 90' lang='lat' dir='ltr'>one</span> 
     </span>
     <span class='ocr_line' id='line_1_55' title="bbox 1701 1002 1837 1028; baseline 0.007 -1"><span class='ocrx_word' id='word_1_289' title='bbox 1701 1002 1837 1028; x_wconf 83' lang='lat' dir='ltr'>material</span> 
     </span>
     <span class='ocr_line' id='line_1_56' title="bbox 1701 1044 1836 1070; baseline 0.007 -8"><span class='ocrx_word' id='word_1_290' title='bbox 1701 1044 1836 1070; x_wconf 68' lang='lat' dir='ltr'>essene-e,</span> 
     </span>
    </p>

    <p class='ocr_par' dir='ltr' id='par_1_19' title="bbox 1647 1071 1889 1098">
     <span class='ocr_line' id='line_1_57' title="bbox 1647 1071 1889 1098; baseline 0.004 -1"><span class='ocrx_word' id='word_1_291' title='bbox 1647 1071 1765 1097; x_wconf 81' lang='lat' dir='ltr'>created</span> <span class='ocrx_word' id='word_1_292' title='bbox 1789 1072 1817 1097; x_wconf 85' lang='lat' dir='ltr'>in</span> <span class='ocrx_word' id='word_1_293' title='bbox 1841 1073 1889 1098; x_wconf 81' lang='lat' dir='ltr'>the</span> 
     </span>
    </p>

    <p class='ocr_par' dir='ltr' id='par_1_20' title="bbox 1655 1106 1885 1209">
     <span class='ocr_line' id='line_1_58' title="bbox 1677 1106 1854 1141; baseline 0 -9"><span class='ocrx_word' id='word_1_294' title='bbox 1677 1106 1854 1141; x_wconf 72' lang='lat' dir='ltr'>beginning</span> 
     </span>
     <span class='ocr_line' id='line_1_59' title="bbox 1655 1142 1879 1179; baseline 0.005 -13"><span class='ocrx_word' id='word_1_295' title='bbox 1655 1142 1823 1179; x_wconf 68' lang='lat' dir='ltr'>coinposed</span> <span class='ocrx_word' id='word_1_296' title='bbox 1846 1142 1879 1168; x_wconf 76' lang='lat' dir='ltr'>of</span> 
     </span>
     <span class='ocr_line' id='line_1_60' title="bbox 1655 1175 1885 1211; baseline 0.004 -10"><span class='ocrx_word' id='word_1_297' title='bbox 1655 1175 1769 1209; x_wconf 83' lang='lat' dir='ltr'>points,</span> <span class='ocrx_word' id='word_1_298' title='bbox 1790 1176 1885 1211; x_wconf 72' lang='lat' dir='ltr'>filling</span> 
     </span>
    </p>

    <p class='ocr_par' dir='ltr' id='par_1_21' title="bbox 1647 1210 1886 1244">
     <span class='ocr_line' id='line_1_61' title="bbox 1647 1210 1886 1244; baseline 0.009 -8.043"><span class='ocrx_word' id='word_1_299' title='bbox 1647 1210 1682 1236; x_wconf 92' lang='grc'>111</span> <span class='ocrx_word' id='word_1_300' title='bbox 1704 1218 1806 1244; x_wconf 85' lang='lat' dir='ltr'>space</span> <span class='ocrx_word' id='word_1_301' title='bbox 1828 1212 1886 1238; x_wconf 77' lang='lat' dir='ltr'>¹ind</span> 
     </span>
    </p>

    <p class='ocr_par' dir='ltr' id='par_1_22' title="bbox 1646 1245 1877 1279">
     <span class='ocr_line' id='line_1_62' title="bbox 1646 1245 1877 1279; baseline 0.005 -8"><span class='ocrx_word' id='word_1_302' title='bbox 1646 1245 1877 1279; x_wconf 84' lang='lat' dir='ltr'>incorruptible</span> 
     </span>
    </p>

    <p class='ocr_par' dir='ltr' id='par_1_23' title="bbox 1657 1280 1872 1317">
     <span class='ocr_line' id='line_1_63' title="bbox 1657 1280 1872 1317; baseline 0 -11"><span class='ocrx_word' id='word_1_303' title='bbox 1657 1284 1764 1317; x_wconf 77' lang='lat' dir='ltr'>except</span> <span class='ocrx_word' id='word_1_304' title='bbox 1786 1280 1815 1307; x_wconf 88' lang='lat' dir='ltr'>in</span> <span class='ocrx_word' id='word_1_305' title='bbox 1839 1289 1872 1307; x_wconf 87' lang='lat' dir='ltr'>so</span> 
     </span>
    </p>

    <p class='ocr_par' dir='ltr' id='par_1_24' title="bbox 1651 1314 1878 1342">
     <span class='ocr_line' id='line_1_64' title="bbox 1651 1314 1878 1342; baseline 0.009 -2"><span class='ocrx_word' id='word_1_306' title='bbox 1651 1314 1697 1341; x_wconf 86' lang='grc'>111</span> <span class='ocrx_word' id='word_1_307' title='bbox 1717 1323 1750 1340; x_wconf 89' lang='grc'>15</span> <span class='ocrx_word' id='word_1_308' title='bbox 1771 1323 1828 1341; x_wconf 82' lang='lat' dir='ltr'>one</span> <span class='ocrx_word' id='word_1_309' title='bbox 1849 1318 1878 1342; x_wconf 82' lang='grc'>01</span> 
     </span>
    </p>

    <p class='ocr_par' dir='ltr' id='par_1_25' title="bbox 1652 1349 1886 1383">
     <span class='ocr_line' id='line_1_65' title="bbox 1652 1349 1886 1383; baseline 0.009 -8"><span class='ocrx_word' id='word_1_310' title='bbox 1652 1349 1689 1375; x_wconf 87' lang='lat' dir='ltr'>its</span> <span class='ocrx_word' id='word_1_311' title='bbox 1712 1354 1796 1383; x_wconf 81' lang='lat' dir='ltr'>paits</span> <span class='ocrx_word' id='word_1_312' title='bbox 1817 1358 1855 1376; x_wconf 90' lang='grc'>111</span> <span class='ocrx_word' id='word_1_313' title='bbox 1850 1359 1886 1378; x_wconf 74' lang='lat' dir='ltr'>u</span> 
     </span>
    </p>

    <p class='ocr_par' dir='ltr' id='par_1_26' title="bbox 1657 1382 1874 1418">
     <span class='ocr_line' id='line_1_66' title="bbox 1657 1382 1874 1418; baseline 0.009 -9"><span class='ocrx_word' id='word_1_314' title='bbox 1657 1384 1718 1410; x_wconf 87' lang='lat' dir='ltr'>be</span> <span class='ocrx_word' id='word_1_315' title='bbox 1714 1382 1874 1418; x_wconf 70' lang='lat' dir='ltr'>separated</span> 
     </span>
    </p>

    <p class='ocr_par' dir='ltr' id='par_1_27' title="bbox 1646 1419 1886 1446">
     <span class='ocr_line' id='line_1_67' title="bbox 1646 1419 1886 1446; baseline 0.009 -1"><span class='ocrx_word' id='word_1_316' title='bbox 1646 1419 1724 1445; x_wconf 83' lang='grc' dir='ltr'><strong>Υ1·0111</strong></span> <span class='ocrx_word' id='word_1_317' title='bbox 1747 1421 1886 1446; x_wconf 79' lang='lat' dir='ltr'>mother.</span> 
     </span>
    </p>

    <p class='ocr_par' dir='ltr' id='par_1_28' title="bbox 1655 1453 1877 1515">
     <span class='ocr_line' id='line_1_68' title="bbox 1655 1453 1877 1481; baseline 0 0"><span class='ocrx_word' id='word_1_318' title='bbox 1655 1453 1712 1481; x_wconf 89' lang='lat' dir='ltr'>We</span> <span class='ocrx_word' id='word_1_319' title='bbox 1734 1455 1877 1481; x_wconf 75' lang='lat' dir='ltr'>conceixe</span> 
     </span>
     <span class='ocr_line' id='line_1_69' title="bbox 1696 1488 1840 1515; baseline 0.007 -1"><span class='ocrx_word' id='word_1_320' title='bbox 1696 1488 1758 1515; x_wconf 85' lang='lat' dir='ltr'>that</span> <span class='ocrx_word' id='word_1_321' title='bbox 1779 1489 1840 1515; x_wconf 83' lang='lat' dir='ltr'>this</span> 
     </span>
    </p>

    <p class='ocr_par' dir='ltr' id='par_1_29' title="bbox 1658 1531 1868 1550">
     <span class='ocr_line' id='line_1_70' title="bbox 1658 1531 1868 1550; baseline 0 -1"><span class='ocrx_word' id='word_1_322' title='bbox 1658 1531 1783 1550; x_wconf 73' lang='lat' dir='ltr'>essence</span> <span class='ocrx_word' id='word_1_323' title='bbox 1804 1532 1868 1550; x_wconf 67' lang='lat' dir='ltr'>uas</span> 
     </span>
    </p>

    <p class='ocr_par' dir='ltr' id='par_1_30' title="bbox 1651 1558 1881 1829">
     <span class='ocr_line' id='line_1_71' title="bbox 1669 1558 1870 1593; baseline 0 -8"><span class='ocrx_word' id='word_1_324' title='bbox 1669 1558 1766 1593; x_wconf 78' lang='lat' dir='ltr'>snstly</span> <span class='ocrx_word' id='word_1_325' title='bbox 1787 1567 1870 1585; x_wconf 82' lang='lat' dir='ltr'>mere</span> 
     </span>
     <span class='ocr_line' id='line_1_72' title="bbox 1716 1593 1816 1628; baseline 0.011 -9"><span class='ocrx_word' id='word_1_326' title='bbox 1716 1593 1816 1628; x_wconf 77' lang='lat' dir='ltr'>being,</span> 
     </span>
     <span class='ocr_line' id='line_1_73' title="bbox 1674 1613 1856 1662; baseline 0.005 -8"><span class='ocrx_word' id='word_1_327' title='bbox 1674 1627 1733 1662; x_wconf 88' lang='lat' dir='ltr'>just</span> <span class='ocrx_word' id='word_1_328' title='bbox 1754 1637 1787 1655; x_wconf 87' lang='lat' dir='ltr'>as</span> <span class='ocrx_word' id='word_1_329' title='bbox 1788 1613 1856 1655; x_wconf 83' lang='lat' dir='ltr'>the</span> 
     </span>
     <span class='ocr_line' id='line_1_74' title="bbox 1698 1663 1835 1698; baseline 0 -9"><span class='ocrx_word' id='word_1_330' title='bbox 1698 1663 1766 1698; x_wconf 81' lang='lat' dir='ltr'>sing</span> <span class='ocrx_word' id='word_1_331' title='bbox 1757 1663 1835 1689; x_wconf 83' lang='lat' dir='ltr'>ulai</span> 
     </span>
     <span class='ocr_line' id='line_1_75' title="bbox 1699 1684 1841 1732; baseline 0 -8"><span class='ocrx_word' id='word_1_332' title='bbox 1699 1684 1841 1732; x_wconf 82' lang='lat' dir='ltr'>persona}</span> 
     </span>
     <span class='ocr_line' id='line_1_76' title="bbox 1703 1740 1844 1765; baseline 0 -6"><span class='ocrx_word' id='word_1_333' title='bbox 1703 1740 1844 1765; x_wconf 83' lang='lat' dir='ltr'>pronoun</span> 
     </span>
     <span class='ocr_line' id='line_1_77' title="bbox 1651 1767 1881 1794; baseline 0 0"><span class='ocrx_word' id='word_1_334' title='bbox 1651 1767 1777 1794; x_wconf 82' lang='lat' dir='ltr'>denotes</span> <span class='ocrx_word' id='word_1_335' title='bbox 1797 1775 1881 1794; x_wconf 81' lang='lat' dir='ltr'>mere</span> 
     </span>
     <span class='ocr_line' id='line_1_78' title="bbox 1675 1803 1849 1829; baseline 0.006 -1"><span class='ocrx_word' id='word_1_336' title='bbox 1675 1803 1849 1829; x_wconf 87' lang='lat' dir='ltr'>substance.</span> 
     </span>
    </p>

    <p class='ocr_par' dir='ltr' id='par_1_31' title="bbox 1657 1837 1878 1871">
     <span class='ocr_line' id='line_1_79' title="bbox 1657 1837 1878 1871; baseline 0.005 -8"><span class='ocrx_word' id='word_1_337' title='bbox 1657 1837 1878 1871; x_wconf 80' lang='lat' dir='ltr'>Philosophers</span> 
     </span>
    </p>

    <p class='ocr_par' dir='ltr' id='par_1_32' title="bbox 1657 1871 1887 1977">
     <span class='ocr_line' id='line_1_80' title="bbox 1720 1871 1818 1898; baseline 0 0"><span class='ocrx_word' id='word_1_338' title='bbox 1720 1872 1774 1898; x_wconf 88' lang='lat' dir='ltr'>call</span> <span class='ocrx_word' id='word_1_339' title='bbox 1797 1871 1818 1898; x_wconf 91' lang='lat' dir='ltr'>it</span> 
     </span>
     <span class='ocr_line' id='line_1_81' title="bbox 1657 1906 1876 1933; baseline 0.005 -1"><span class='ocrx_word' id='word_1_340' title='bbox 1657 1906 1821 1933; x_wconf 77' lang='lat' dir='ltr'>substance</span> <span class='ocrx_word' id='word_1_341' title='bbox 1841 1915 1876 1933; x_wconf 93' lang='lat' dir='ltr'>or</span> 
     </span>
     <span class='ocr_line' id='line_1_82' title="bbox 1658 1941 1888 1977; baseline 0.004 -10"><span class='ocrx_word' id='word_1_342' title='bbox 1658 1941 1739 1977; x_wconf 84' lang='lat' dir='ltr'>body</span> <span class='ocrx_word' id='word_1_343' title='bbox 1760 1942 1888 1968; x_wconf 83' lang='lat' dir='ltr'>because</span> 
     </span>
    </p>

    <p class='ocr_par' dir='ltr' id='par_1_33' title="bbox 1672 1976 1830 2038">
     <span class='ocr_line' id='line_1_83' title="bbox 1718 1976 1807 2003; baseline -0.011 0"><span class='ocrx_word' id='word_1_344' title='bbox 1718 1976 1753 2003; x_wconf 87' lang='lat' dir='ltr'>of</span> <span class='ocrx_word' id='word_1_345' title='bbox 1769 1976 1807 2003; x_wconf 83' lang='lat' dir='ltr'>its</span> 
     </span>
     <span class='ocr_line' id='line_1_84' title="bbox 1672 2011 1842 2038; baseline 0.006 -1"><span class='ocrx_word' id='word_1_346' title='bbox 1672 2011 1842 2038; x_wconf 81' lang='lat' dir='ltr'>extension.</span> 
     </span>
    </p>

    <p class='ocr_par' dir='ltr' id='par_1_34' title="bbox 1652 2046 1882 2079">
     <span class='ocr_line' id='line_1_85' title="bbox 1652 2046 1882 2079; baseline 0 -7"><span class='ocrx_word' id='word_1_347' title='bbox 1652 2046 1769 2079; x_wconf 68' lang='lat' dir='ltr'>Mamer,</span> <span class='ocrx_word' id='word_1_348' title='bbox 1790 2047 1882 2077; x_wconf 82' lang='grc'><strong>101111,</strong></span> 
     </span>
    </p>
   </div>
   <div class='ocr_carea' id='block_1_10' title="bbox 1625 2081 1897 2115">
    <p class='ocr_par' dir='ltr' id='par_1_35' title="bbox 1625 2081 1897 2115">
     <span class='ocr_line' id='line_1_86' title="bbox 1625 2081 1897 2115; baseline 0.004 -9"><span class='ocrx_word' id='word_1_349' title='bbox 1625 2081 1683 2107; x_wconf 84' lang='lat' dir='ltr'>and</span> <span class='ocrx_word' id='word_1_350' title='bbox 1706 2081 1897 2115; x_wconf 80' lang='lat' dir='ltr'>compmmd,</span> 
     </span>
    </p>
   </div>
   <div class='ocr_carea' id='block_1_11' title="bbox 1635 2115 1893 2393">
    <p class='ocr_par' dir='ltr' id='par_1_36' title="bbox 1635 2115 1893 2393">
     <span class='ocr_line' id='line_1_87' title="bbox 1654 2115 1866 2142; baseline 0 0"><span class='ocrx_word' id='word_1_351' title='bbox 1654 2124 1704 2142; x_wconf 88' lang='lat' dir='ltr'>are</span> <span class='ocrx_word' id='word_1_352' title='bbox 1725 2115 1866 2142; x_wconf 71' lang='lat' dir='ltr'>different</span> 
     </span>
     <span class='ocr_line' id='line_1_88' title="bbox 1700 2150 1835 2177; baseline 0.015 -2"><span class='ocrx_word' id='word_1_353' title='bbox 1700 2154 1780 2177; x_wconf 77' lang='lat' dir='ltr'>sorts</span> <span class='ocrx_word' id='word_1_354' title='bbox 1801 2150 1835 2177; x_wconf 83' lang='lat' dir='ltr'>of</span> 
     </span>
     <span class='ocr_line' id='line_1_89' title="bbox 1637 2185 1885 2218; baseline 0 -7"><span class='ocrx_word' id='word_1_355' title='bbox 1637 2185 1811 2218; x_wconf 81' lang='lat' dir='ltr'>substance,</span> <span class='ocrx_word' id='word_1_356' title='bbox 1834 2185 1885 2211; x_wconf 91' lang='lat' dir='ltr'>but</span> 
     </span>
     <span class='ocr_line' id='line_1_90' title="bbox 1649 2219 1871 2254; baseline 0 -8"><span class='ocrx_word' id='word_1_357' title='bbox 1649 2219 1709 2246; x_wconf 86' lang='lat' dir='ltr'>this</span> <span class='ocrx_word' id='word_1_358' title='bbox 1730 2220 1871 2254; x_wconf 76' lang='lat' dir='ltr'>corpora}</span> 
     </span>
     <span class='ocr_line' id='line_1_91' title="bbox 1635 2254 1893 2282; baseline 0 -2"><span class='ocrx_word' id='word_1_359' title='bbox 1635 2255 1798 2282; x_wconf 86' lang='lat' dir='ltr'>substance</span> <span class='ocrx_word' id='word_1_360' title='bbox 1819 2254 1844 2281; x_wconf 83' lang='lat' dir='ltr'>is</span> <span class='ocrx_word' id='word_1_361' title='bbox 1864 2255 1893 2280; x_wconf 82' lang='lat' dir='ltr'>ot</span> 
     </span>
     <span class='ocr_line' id='line_1_92' title="bbox 1683 2290 1838 2316; baseline -0.006 0"><span class='ocrx_word' id='word_1_362' title='bbox 1683 2290 1733 2316; x_wconf 87' lang='lat' dir='ltr'>the</span> <span class='ocrx_word' id='word_1_363' title='bbox 1754 2297 1838 2316; x_wconf 86' lang='lat' dir='ltr'>same</span> 
     </span>
     <span class='ocr_line' id='line_1_93' title="bbox 1652 2323 1879 2351; baseline -0.009 0"><span class='ocrx_word' id='word_1_364' title='bbox 1652 2328 1757 2351; x_wconf 81' lang='lat' dir='ltr'>nature</span> <span class='ocrx_word' id='word_1_365' title='bbox 1778 2332 1810 2350; x_wconf 89' lang='lat' dir='ltr'>as</span> <span class='ocrx_word' id='word_1_366' title='bbox 1831 2323 1879 2350; x_wconf 86' lang='lat' dir='ltr'>the</span> 
     </span>
     <span class='ocr_line' id='line_1_94' title="bbox 1671 2359 1859 2393; baseline 0.005 -8"><span class='ocrx_word' id='word_1_367' title='bbox 1671 2359 1859 2393; x_wconf 84' lang='lat' dir='ltr'>compouud.</span> 
     </span>
    </p>
   </div>
   <div class='ocr_carea' id='block_1_12' title="bbox 240 2469 1610 2754">
    <p class='ocr_par' dir='ltr' id='par_1_37' title="bbox 299 2469 1610 2580">
     <span class='ocr_line' id='line_1_95' title="bbox 299 2469 1610 2521; baseline -0.003 -12"><span class='ocrx_word' id='word_1_368' title='bbox 299 2471 398 2509; x_wconf 87' lang='lat' dir='ltr'>terie</span> <span class='ocrx_word' id='word_1_369' title='bbox 443 2482 481 2510; x_wconf 89' lang='lat' dir='ltr'>et</span> <span class='ocrx_word' id='word_1_370' title='bbox 519 2474 650 2510; x_wconf 86' lang='lat' dir='ltr'>forma</span> <span class='ocrx_word' id='word_1_371' title='bbox 694 2482 864 2520; x_wconf 79' lang='lat' dir='ltr'>tantum,</span> <span class='ocrx_word' id='word_1_372' title='bbox 911 2486 1104 2510; x_wconf 89' lang='lat' dir='ltr'>vocamus</span> <span class='ocrx_word' id='word_1_373' title='bbox 1148 2472 1258 2521; x_wconf 85' lang='lat' dir='ltr'>ipsas</span> <span class='ocrx_word' id='word_1_374' title='bbox 1302 2470 1511 2519; x_wconf 89' lang='lat' dir='ltr'>ipostases,</span> <span class='ocrx_word' id='word_1_375' title='bbox 1550 2469 1610 2505; x_wconf 90' lang='lat' dir='ltr'>vel</span> 
     </span>
     <span class='ocr_line' id='line_1_96' title="bbox 299 2531 825 2580; baseline 0.008 -13"><span class='ocrx_word' id='word_1_376' title='bbox 299 2539 479 2575; x_wconf 88' lang='lat' dir='ltr'>naturas,</span> <span class='ocrx_word' id='word_1_377' title='bbox 511 2532 573 2569; x_wconf 89' lang='lat' dir='ltr'>vel</span> <span class='ocrx_word' id='word_1_378' title='bbox 605 2531 825 2580; x_wconf 87' lang='lat' dir='ltr'>supposita.</span> 
     </span>
    </p>

    <p class='ocr_par' dir='ltr' id='par_1_38' title="bbox 357 2588 1296 2638">
     <span class='ocr_line' id='line_1_97' title="bbox 357 2588 1296 2638; baseline -0.003 -12"><span class='ocrx_word' id='word_1_379' title='bbox 357 2589 662 2627; x_wconf 87' lang='lat' dir='ltr'>Considerando</span> <span class='ocrx_word' id='word_1_380' title='bbox 714 2602 808 2638; x_wconf 83' lang='lat' dir='ltr'>ergo</span> <span class='ocrx_word' id='word_1_381' title='bbox 860 2588 1088 2638; x_wconf 87' lang='lat' dir='ltr'>specialiter</span> <span class='ocrx_word' id='word_1_382' title='bbox 1141 2595 1296 2635; x_wconf 85' lang='lat' dir='ltr'>partem</span> 
     </span>
    </p>

    <p class='ocr_par' dir='ltr' id='par_1_39' title="bbox 240 2643 1610 2696">
     <span class='ocr_line' id='line_1_98' title="bbox 240 2643 1610 2696; baseline -0.002 -15"><span class='ocrx_word' id='word_1_383' title='bbox 240 2661 285 2691; x_wconf 87' lang='lat'>40</span> <span class='ocrx_word' id='word_1_384' title='bbox 301 2648 440 2684; x_wconf 87' lang='lat' dir='ltr'>mundi</span> <span class='ocrx_word' id='word_1_385' title='bbox 486 2661 572 2685; x_wconf 89' lang='lat' dir='ltr'>esse</span> <span class='ocrx_word' id='word_1_386' title='bbox 612 2648 652 2684; x_wconf 90' lang='lat' dir='ltr'>in</span> <span class='ocrx_word' id='word_1_387' title='bbox 690 2647 877 2696; x_wconf 86' lang='lat' dir='ltr'>potencia</span> <span class='ocrx_word' id='word_1_388' title='bbox 910 2648 959 2684; x_wconf 89' lang='lat' dir='ltr'>ad</span> <span class='ocrx_word' id='word_1_389' title='bbox 994 2658 1075 2683; x_wconf 81' lang='lat' dir='ltr'>esse</span> <span class='ocrx_word' id='word_1_390' title='bbox 1106 2645 1239 2694; x_wconf 86' lang='lat' dir='ltr'>ignem</span> <span class='ocrx_word' id='word_1_391' title='bbox 1273 2645 1333 2681; x_wconf 87' lang='lat' dir='ltr'>vel</span> <span class='ocrx_word' id='word_1_392' title='bbox 1367 2656 1499 2681; x_wconf 89' lang='lat' dir='ltr'>aerem</span> <span class='ocrx_word' id='word_1_393' title='bbox 1535 2643 1610 2690; x_wconf 88' lang='lat' dir='ltr'>(vel</span> 
     </span>
    </p>

    <p class='ocr_par' dir='ltr' id='par_1_40' title="bbox 300 2700 1608 2754">
     <span class='ocr_line' id='line_1_99' title="bbox 300 2700 1608 2754; baseline -0.004 -13"><span class='ocrx_word' id='word_1_394' title='bbox 300 2706 357 2742; x_wconf 90' lang='lat' dir='ltr'>sic</span> <span class='ocrx_word' id='word_1_395' title='bbox 389 2707 438 2743; x_wconf 89' lang='lat' dir='ltr'>de</span> <span class='ocrx_word' id='word_1_396' title='bbox 461 2707 549 2743; x_wconf 89' lang='lat' dir='ltr'>aliis</span> <span class='ocrx_word' id='word_1_397' title='bbox 574 2705 831 2743; x_wconf 89' lang='lat' dir='ltr'>sensibilibus</span> <span class='ocrx_word' id='word_1_398' title='bbox 855 2700 1108 2754; x_wconf 81' lang='lat' dir='ltr'>corporum),</span> <span class='ocrx_word' id='word_1_399' title='bbox 1132 2711 1354 2752; x_wconf 80' lang='lat' dir='ltr'>posuerunt</span> <span class='ocrx_word' id='word_1_400' title='bbox 1377 2700 1608 2751; x_wconf 86' lang='lat' dir='ltr'>potenciam</span> 
     </span>
    </p>
   </div>
   <div class='ocr_carea' id='block_1_13' title="bbox 1351 2586 1894 2660">
    <p class='ocr_par' dir='ltr' id='par_1_41' title="bbox 1351 2586 1894 2660">
     <span class='ocr_line' id='line_1_100' title="bbox 1351 2586 1894 2626; baseline -0.009 -4"><span class='ocrx_word' id='word_1_401' title='bbox 1351 2586 1607 2622; x_wconf 87' lang='lat' dir='ltr'>sublunarem</span> <span class='ocrx_word' id='word_1_402' title='bbox 1634 2590 1817 2626; x_wconf 76' lang='lat' dir='ltr'>Restricting</span> <span class='ocrx_word' id='word_1_403' title='bbox 1837 2599 1894 2618; x_wconf 78' lang='lat' dir='ltr'>our</span> 
     </span>
     <span class='ocr_line' id='line_1_101' title="bbox 1655 2627 1865 2660; baseline -0.01 -7"><span class='ocrx_word' id='word_1_404' title='bbox 1655 2627 1865 2660; x_wconf 77' lang='lat' dir='ltr'>speculations</span> 
     </span>
    </p>
   </div>
   <div class='ocr_carea' id='block_1_14' title="bbox 368 2887 1509 2933">
    <p class='ocr_par' dir='ltr' id='par_1_42' title="bbox 368 2887 1509 2933">
     <span class='ocr_line' id='line_1_102' title="bbox 368 2887 1509 2933; baseline -0.005 -8"><span class='ocrx_word' id='word_1_405' title='bbox 368 2898 409 2925; x_wconf 84' lang='lat'>25.</span> <span class='ocrx_word' id='word_1_406' title='bbox 431 2899 599 2933; x_wconf 83' lang='lat' dir='ltr'>quamlibet</span> <span class='ocrx_word' id='word_1_407' title='bbox 618 2898 705 2925; x_wconf 76' lang='lat' dir='ltr'>twice</span> <span class='ocrx_word' id='word_1_408' title='bbox 724 2898 756 2924; x_wconf 79' lang='lat' dir='ltr'>B.</span> <span class='ocrx_word' id='word_1_409' title='bbox 847 2905 893 2932; x_wconf 73' lang='lat'>29.</span> <span class='ocrx_word' id='word_1_410' title='bbox 915 2887 988 2924; x_wconf 49' lang='lat' dir='ltr'>luc}x</span> <span class='ocrx_word' id='word_1_411' title='bbox 1003 2897 1034 2923; x_wconf 68' lang='lat' dir='ltr'>B.</span> <span class='ocrx_word' id='word_1_412' title='bbox 1126 2894 1166 2922; x_wconf 81' lang='lat'>35.</span> <span class='ocrx_word' id='word_1_413' title='bbox 1189 2894 1453 2930; x_wconf 84' lang='lat' dir='ltr'>composicionem</span> <span class='ocrx_word' id='word_1_414' title='bbox 1478 2893 1509 2919; x_wconf 70' lang='grc' dir='ltr'>Η.</span> 
     </span>
    </p>
   </div>
  </div>
 </body>
</html>
