1996 3322
98 277 172 304 102

108 388 237 415 another
257 387 287 414 in
307 387 356 414 the

178 423 274 449 above

142 456 318 485 mentioned

143 493 260 524 circles,
280 492 306 518 is

143 527 313 562 absolutely

162 562 288 589 useless.

96 967 161 995 The
183 971 358 994 movement

121 1003 146 1030 is
168 1002 270 1029 varied
306 1002 334 1028 in

107 1039 157 1064 the
179 1036 295 1072 subject
326 1035 352 1063 if

92 1073 113 1099 it
130 1074 164 1099 be
176 1077 227 1099 not
239 1080 271 1098 as
285 1072 366 1098 swift

125 1116 157 1134 as
179 1107 331 1142 possible3

144 1143 164 1169 it
188 1146 312 1169 matters

105 1177 235 1211 nothing
254 1177 317 1203 that
339 1176 358 1203 it

95 1213 120 1238 is
142 1216 195 1238 not
212 1211 312 1238 varied
336 1212 365 1237 in

187 1246 279 1273 itselt'.

146 1639 206 1668 We
229 1643 310 1666 must

129 1675 250 1702 remark
270 1675 334 1701 that

123 1718 216 1744 many
237 1709 342 1736 words

108 1748 267 1778 represent
288 1744 360 1770 both

103 1783 279 1806 movement
299 1778 358 1806 and

97 1814 224 1841 relation
240 1817 268 1840 at
283 1821 369 1845 once,

104 1857 136 1875 as
160 1852 266 1876 ascent
286 1848 359 1881 &c.;

103 1884 161 1910 and
184 1885 234 1910 the
255 1883 360 1910 words

116 1919 266 1946 earll'ness
284 1918 342 1944 and

125 1953 263 1989 rapidity
283 1961 334 1980 are

107 1989 194 2015 taken
217 1992 247 2014 to
269 1995 357 2014 mean

147 2024 197 2050 tlie
219 2031 313 2056 same,

121 2059 261 2084 whereas
282 2058 331 2084 the

93 2093 210 2119 former
229 2092 361 2120 indicate

99 2128 170 2162 only
192 2135 208 2154 a
229 2127 356 2154 relation

109 2162 143 2188 of
161 2162 348 2201 preeedency

161 2205 191 2223 m
212 2201 295 2223 tlme.

104 2231 200 2259 What
220 2231 246 2258 is
266 2231 348 2266 early

119 2274 189 2302 may
212 2267 246 2293 be
267 2274 339 2301 very

108 2301 201 2332 slow:
225 2309 240 2328 a
261 2301 348 2334 thing

128 2335 192 2362 that
213 2336 238 2362 is
259 2343 331 2371 very

127 2370 184 2397 late
204 2378 273 2406 may
296 2370 330 2396 be

142 2405 307 2440 extremely

178 2440 276 2474 rapid.

824 272 1048 304 JOHANNIS
1074 273 1259 305 WYCLIF
1414 302 1418 305 ,
1531 270 1621 299 CAP.
1642 270 1691 299 IX.

382 392 461 427 quo
485 379 535 414 ad
559 386 729 427 tempus,
766 378 912 415 dicitur
935 380 1044 427 quod
1077 378 1117 415 in
1150 379 1330 428 quolibet
1364 388 1545 427 tempore
1580 379 1693 416 cuius

382 436 533 473 instans
572 436 829 484 pausacionis
871 445 927 473 est
966 437 1240 483 intrinsecum,
1287 446 1323 474 et
1363 438 1492 474 solum
1531 437 1570 473 in
1603 437 1692 481 tali;

381 503 418 530 et
450 507 540 531 cum
574 495 685 531 nulla
717 507 809 543 pars
843 508 922 543 quo
954 496 1005 531 ad
1038 504 1209 543 tempus,
1243 508 1389 532 vanum
1414 505 1471 532 est
1493 494 1691 532 verificari

380 564 453 600 pro
498 564 577 601 quo
621 552 787 589 instanti
831 553 891 589 vel
936 565 1007 600 per
1051 555 1158 601 quod
1211 562 1370 602 tempus
1414 554 1515 590 foret
1561 562 1693 590 motus

379 609 626 647 huiusmodi.
673 611 797 646 Multe
830 611 935 647 enim
970 620 1062 647 sunt
1095 611 1183 658 iste,
1231 621 1267 648 et
1301 611 1341 648 in
1372 612 1482 648 nulla
1516 611 1598 647 eius
1635 615 1691 647 21ῃ

379 669 623 716 completam
658 677 695 704 et
725 668 929 716 propriam
961 668 1230 708 existenciam.
1263 670 1404 706 Nullus
1435 682 1529 718 ergo
1562 678 1692 706 motus

379 735 436 762 est
459 726 736 774 temporaliter
761 726 955 763 difformis
989 727 1029 763 in
1052 727 1237 774 instanti3
1272 736 1309 764 et
1342 740 1412 776 per
1445 740 1693 776 consequens

378 796 452 820 nec
492 796 563 832 per
602 793 781 832 tempus;
829 786 896 821 sed
940 785 978 820 in
1017 794 1200 833 tempore
1239 799 1319 834 quo
1362 786 1494 833 primo
1539 795 1609 832 est,
1656 794 1692 822 et

379 842 687 890 quomodolibet
732 842 811 878 alio
866 842 978 879 cuius
1031 843 1161 891 ipsum
1216 852 1274 880 est
1318 857 1423 891 pars,
1477 843 1516 879 Si
1557 852 1690 880 autem

380 900 472 936 talis
525 899 764 936 difformitas
817 901 935 937 habet
989 913 1073 938 esse
1125 901 1416 949 incompletum
1471 901 1510 937 in
1564 901 1692 938 causis

380 958 461 993 suis
502 958 692 995 continue
731 959 791 995 vel
830 972 925 1005 non,
973 968 1031 995 est
1070 960 1162 996 huic
1207 959 1468 1008 impertinens.
1515 962 1569 995 Ex
1614 973 1693 1008 quo

380 1024 490 1063 patet
524 1017 631 1064 quod
666 1029 745 1053 non
780 1025 952 1064 oportet,
987 1017 1018 1053 si
1052 1017 1143 1054 talis
1179 1027 1312 1054 motus
1335 1018 1383 1053 sit
1407 1019 1627 1055 secundum
1654 1030 1694 1054 se

381 1083 509 1110 totum
545 1074 752 1118 difformis,
800 1076 859 1111 vel
898 1075 1150 1112 velocissimo
1183 1075 1402 1122 remissior,
1447 1075 1478 1111 si
1523 1084 1694 1124 utraque

383 1132 575 1168 medietas
609 1132 703 1168 dicti
740 1141 873 1169 motus
907 1142 943 1169 et
977 1133 1151 1181 quelibet
1183 1134 1259 1170 alie
1293 1133 1377 1170 eius
1401 1142 1534 1182 partes
1557 1134 1695 1182 aliquo

382 1199 564 1238 tempore
609 1203 689 1226 non
735 1200 826 1226 sunt
873 1191 1090 1230 difformes.
1140 1193 1257 1237 Quod
1303 1192 1444 1229 exinde
1477 1200 1583 1228 totus
1615 1204 1695 1228 non

382 1248 431 1283 sit
456 1248 665 1286 difformis,
702 1250 811 1285 Patet
837 1249 962 1286 eciam
989 1251 1097 1298 quod
1122 1250 1318 1297 contingit
1342 1252 1511 1286 eundem
1539 1251 1692 1286 motum

382 1319 487 1342 nunc
521 1318 604 1342 esse
636 1307 875 1343 velociorem
911 1316 948 1342 et
987 1321 1093 1344 nunc
1132 1308 1368 1355 tardiorem,
1420 1321 1499 1345 non
1533 1310 1696 1344 descen·

383 1365 513 1400 dendo
547 1366 596 1400 ad
630 1364 796 1412 instans,
838 1366 907 1401 sed
941 1367 990 1401 ad
1024 1379 1190 1413 parvum
1226 1375 1404 1415 tempus;
1451 1375 1487 1402 et
1520 1379 1694 1414 semper,

383 1423 477 1458 dato
526 1431 721 1470 tempore,
769 1432 825 1458 est
865 1425 961 1460 dare
1000 1437 1119 1472 quam
1162 1425 1274 1461 velox
1314 1434 1383 1471 est,
1434 1426 1528 1461 dare
1562 1433 1694 1460 motus

383 1493 456 1527 pro
501 1479 569 1516 illo
617 1489 799 1529 tempore
842 1490 878 1517 et
923 1483 1070 1529 gradus
1110 1482 1345 1522 velocitatis,
1396 1485 1463 1519 Est
1504 1482 1695 1519 velocitas

383 1539 515 1574 danda
549 1551 627 1586 que
659 1552 739 1575 non
775 1549 1028 1576 mensuratur
1062 1540 1240 1588 instanti,
1276 1540 1377 1577 sicut
1410 1553 1483 1577 nec
1506 1540 1695 1578 velocitas

383 1597 444 1632 vel
477 1605 610 1633 motus
644 1597 756 1633 cuius
790 1606 847 1633 est
887 1597 1034 1646 passio.

443 1655 520 1690 Sed
553 1655 719 1691 ulterius
753 1664 809 1691 est
833 1655 1044 1703 diligenter
1068 1657 1290 1694 notandum
1316 1658 1422 1705 quod
1448 1665 1540 1692 sunt
1563 1655 1697 1704 aliqua

385 1721 599 1761 aggregata
633 1725 676 1749 ex
711 1722 822 1749 motu
857 1723 893 1750 et
927 1714 1145 1762 relacione3
1180 1723 1221 1750 ut
1254 1727 1442 1751 ascensus
1476 1723 1512 1751 et
1535 1715 1698 1750 descen-

385 1783 463 1816 sus,
498 1779 609 1806 ortus
643 1780 679 1807 et
712 1784 893 1822 occaSUS,
927 1781 964 1808 ct
987 1772 1150 1809 similia.
1186 1775 1233 1808 Et
1256 1772 1295 1808 in
1320 1773 1466 1809 talibus
1491 1772 1697 1820 decipiun-

384 1837 448 1864 tur
500 1829 664 1877 plurimi
718 1839 885 1878 propter
936 1830 1210 1878 ignorauciam
1265 1830 1544 1867 distinccionis
1594 1830 1698 1866 inter

383 1886 604 1923 citoitatem
630 1895 667 1924 et
690 1887 957 1933 velocitatem,
988 1888 1217 1925 seroitatem
1254 1897 1291 1925 et
1316 1888 1562 1927 tarditatem.
1595 1889 1697 1924 Con-

383 1943 500 1992 tingit
523 1944 629 1981 enim
653 1957 718 1981 sex
748 1945 870 1993 signis
893 1946 1094 1994 aliquibus
1118 1946 1213 1983 oriri
1237 1946 1383 1994 subito,
1417 1947 1477 1983 vel
1500 1945 1696 1992 occidere,

382 2003 681 2050 quantumlibet
720 2005 834 2040 tarde
875 2013 1002 2052 mota3
1048 2004 1142 2053 quia
1186 2004 1367 2041 celeritas
1407 2005 1466 2041 vel
1499 2003 1697 2041 subitacio

382 2060 472 2096 talis
515 2074 595 2097 non
653 2061 793 2109 recipit
837 2062 1089 2099 velocitatem
1136 2071 1281 2108 motus,
1328 2064 1396 2100 sed
1441 2075 1563 2111 quam
1617 2061 1730 2098 cito?

382 2118 456 2154 erit
488 2120 561 2154 sub
595 2119 775 2156 orizonte
807 2121 868 2156 vel
901 2133 1022 2168 supra
1056 2120 1295 2157 orizontem.
1344 2123 1445 2157 Nam
1480 2129 1696 2168 quantum-

382 2189 540 2225 cunque
585 2177 780 2214 festinans
824 2178 885 2215 vel
930 2178 1033 2215 citus
1078 2178 1153 2215 erit
1206 2178 1505 2227 quantumlibet
1556 2179 1696 2214 tardus

382 2243 533 2281 motus3
569 2243 605 2271 et
638 2236 934 2283 quantumlibet
957 2248 1046 2272 sero
1071 2236 1143 2273 erit
1166 2236 1388 2285 quamlibet
1411 2237 1523 2272 velox
1548 2244 1694 2272 motus.

380 2293 481 2328 Nam
516 2292 707 2330 citissime
739 2294 799 2330 vel
834 2294 1076 2330 celerissime
1110 2302 1166 2330 est
1200 2294 1386 2342 quitquid
1421 2293 1540 2330 estin
1564 2293 1696 2342 primo

380 2349 544 2386 instanti
578 2351 792 2399 temporis;
827 2360 863 2387 et
896 2352 984 2400 plus
1018 2364 1106 2387 sero
1139 2361 1181 2388 ut
1215 2354 1263 2389 ab
1297 2365 1343 2388 eo
1378 2351 1597 2388 distancius
1620 2360 1694 2388 etc.

381 2407 586 2455 Contingit
618 2408 737 2455 idem,
786 2409 1007 2457 quamlibet
1041 2409 1209 2446 celerius
1242 2411 1510 2457 ascendendo,
1543 2409 1695 2446 tardius

381 2465 545 2511 moveri,
581 2474 618 2502 et
652 2475 830 2503 econtra.

450 2680 475 2709 3.
497 2668 559 2709 ve‘l35
583 2682 614 2709 B.
707 2681 744 2709 15.
760 2682 847 2718 aster
860 2686 998 2717 tempore
1012 2683 1044 2716 ><
1061 2682 1092 2709 Β.
1167 2681 1273 2718 17-18.
1291 2672 1422 2709 desE'Edo
1439 2683 1469 2709 Β.
1545 2681 1583 2709 18.
1608 2682 1638 2722 [Ρ
1660 2682 1693 2709 Β.

382 2739 424 2767 23.
447 2741 491 2768 dir
518 2741 549 2767 B.
640 2739 683 2768 32.
707 2740 826 2774 situs(!)
853 2740 884 2767 Β.
974 2738 1020 2767 36.
1042 2739 1154 2766 afte'do
1176 2740 1207 2767 B.

455 2837 504 2869 13.
532 2835 731 2879 Difformz's.
758 2836 845 2867 Note
871 2836 981 2867 above
1007 2835 1065 2867 the
1093 2834 1273 2867 definition
1292 2835 1332 2866 of
1347 2841 1549 2868 movement
1574 2835 1691 2867 varied

380 2883 412 2912 in
440 2883 481 2913 its
508 2882 659 2922 subject:
699 2893 715 2913 a
744 2883 942 2913 distinction
982 2882 1022 2913 of
1044 2893 1090 2913 no
1116 2883 1217 2914 value
1248 2883 1282 2912 in
1311 2883 1454 2914 modern
1483 2881 1691 2914 Met-hames.

1714 916 1753 936 10

1717 1196 1752 1226 15

1715 1774 1754 1805 25

1736 2074 1756 2093 O

1714 2351 1754 2384 35
