1996 3322
253 305 341 333 CAP.
362 306 412 334 IX.
812 307 998 338 LOGICA.

253 417 462 454 continens
496 425 554 453 tot
587 423 735 463 puncta
768 423 866 463 quot
899 422 990 450 sunt
1024 413 1129 449 illius
1162 413 1278 457 haee,
1314 411 1563 448 constituunt

252 475 505 524 superficiem
541 476 780 522 quadratam
813 473 1018 520 pedalem3
1043 480 1079 507 et
1112 470 1320 507 continens
1344 478 1402 505 tot
1425 481 1562 517 super-

252 534 375 579 ficies,
411 532 660 569 constituunt
693 532 838 567 cubum
881 530 1078 577 pedalem.

309 595 363 628 Ex
408 604 487 639 quo
531 591 648 638 plane
693 588 874 638 sequitur
919 588 1026 636 quod
1071 599 1151 623 non
1195 586 1327 622 omnis
1361 584 1563 633 quantitas

219 651 391 686 5cubica
424 649 484 685 vel
516 647 781 696 superficialis
815 655 971 682 constat
1004 658 1047 681 ex
1080 644 1241 693 punctis
1274 643 1458 692 paribusg
1492 655 1563 679 nec

250 707 381 744 omnis
429 720 472 743 ex
517 705 751 754 imparibus.
792 706 904 741 Patet
948 704 1078 752 prima
1123 715 1214 751 pars
1261 714 1303 738 ex
1345 703 1420 737 hoc
1454 702 1563 749 quod

250 765 381 802 omnis
425 777 617 801 numerus
666 762 873 800 circularis
920 762 1032 798 cuius
1077 760 1283 809 quinarius
1335 769 1392 796 est
1433 759 1563 807 prima

251 824 361 861 radix
395 832 451 859 est
484 822 627 871 impar,
675 830 718 857 ut
751 830 860 869 patet
894 833 936 856 ex
969 828 1113 856 natura
1146 818 1305 855 numeri
1340 817 1557 854 circularis.

249 884 394 918 Ymmo
428 880 594 929 quilibet
626 892 816 916 numerus
850 880 1071 927 quadratus
1105 877 1262 913 videtur
1303 888 1386 912 esse
1420 876 1563 923 impar,

197 951 234 971 ¹0
251 949 287 976 et
331 953 401 988 per
447 950 697 987 consequens
742 951 832 974 cum
873 936 1072 985 quotlibet
1123 934 1354 971 huiusmodi
1407 932 1564 969 numeri

250 998 328 1034 sint
360 997 546 1046 quadrati
580 1006 617 1034 et
650 995 794 1042 cubici,
829 1004 938 1043 patet
972 994 1169 1042 quotlibet
1218 992 1447 1028 huiusmodi
1482 1004 1565 1027 esse

250 1056 495 1104 quantitates
529 1068 572 1092 ex
605 1054 762 1103 punctis
795 1053 1018 1102 imparibus
1053 1051 1304 1088 constitutas.
1330 1053 1377 1086 Et
1403 1054 1443 1087 2²¹
1473 1062 1566 1097 pars

251 1123 360 1162 patet
394 1116 442 1150 de
475 1113 672 1162 quotlibet
696 1112 784 1149 aliis
807 1111 985 1147 numeris
1009 1109 1230 1158 quadratis,
1257 1121 1427 1157 quorum
1454 1107 1563 1143 radix

251 1182 307 1209 est
341 1186 414 1221 par
444 1184 647 1208 numerus.
749 1176 762 1191 ⁴

199 1230 233 1261 15
310 1236 355 1267 20
390 1239 499 1278 patet
533 1231 641 1279 quod
674 1242 755 1265 non
789 1239 1043 1276 quecumque
1091 1224 1307 1274 proporcio
1355 1223 1563 1272 sign-abilis

250 1299 307 1326 est
353 1288 540 1337 quadrati
587 1289 637 1324 ad
676 1288 933 1335 quadratum,
981 1295 1018 1321 et
1052 1284 1106 1320 ita
1140 1286 1187 1319 de
1221 1282 1308 1319 aliis
1352 1281 1563 1330 speciebus

250 1348 483 1395 figurarum.
532 1347 657 1394 Patet,
703 1357 747 1381 ex
792 1346 867 1380 hoc
912 1345 1021 1392 quod
1056 1342 1347 1390 qualiscunque
1382 1349 1439 1376 est
1473 1352 1563 1388 pro-

248 1405 386 1454 porcio
420 1405 544 1452 figure
569 1405 619 1440 ad
643 1403 828 1451 figuram,
859 1402 949 1438 talis
983 1410 1039 1437 est
1073 1399 1229 1436 numeri
1253 1401 1301 1435 ad
1328 1411 1562 1444 numerurng

249 1465 316 1500 sed
368 1476 449 1499 non
500 1462 793 1511 qualiscunque
847 1459 1064 1508 proposcio
1108 1457 1315 1506 signabilis
1361 1465 1417 1493 est
1463 1455 1565 1492 inter

193 1530 234 1551 20
249 1535 373 1558 unum
408 1533 619 1557 numerum
654 1520 894 1568 quadratum
932 1526 968 1554 et
1001 1517 1222 1565 reliquum:
1247 1528 1341 1563 ergo
1365 1526 1438 1550 nec
1462 1513 1564 1550 inter

250 1593 371 1617 unam
417 1579 685 1628 quantitatem
728 1577 960 1614 continuam
1007 1577 1247 1624 quadratam
1282 1583 1320 1610 et
1352 1572 1563 1621 reliquam.

252 1641 305 1674 Ex
338 1651 418 1687 quo
451 1645 561 1685 patet
594 1637 703 1685 quod
735 1648 807 1672 nec
841 1647 985 1683 corpus
1016 1646 1088 1670 nec
1120 1631 1353 1681 superficies
1377 1629 1564 1679 quadrati

252 1705 383 1745 potest
416 1696 592 1744 quelibet
625 1694 763 1742 augeri
795 1694 856 1730 vel
891 1691 1097 1738 minorari⁷
1143 1691 1340 1728 servando
1374 1688 1564 1726 continue

253 1756 557 1803 quadraturam.

197 1825 236 1856 25
312 1817 358 1862 30
398 1821 508 1860 patet
547 1812 655 1860 quod
694 1809 927 1857 ambiguum
969 1817 1027 1844 est
1073 1807 1312 1856 philosopho
1358 1805 1388 1841 si
1434 1803 1564 1840 omnis

254 1870 426 1907 circulus
465 1869 516 1906 sit
560 1868 821 1918 quadrabilis‚
868 1876 904 1903 et
938 1875 1122 1904 econtra:
1162 1877 1298 1913 ymmo
1330 1863 1362 1900 si
1396 1860 1565 1899 alicuius

254 1928 392 1965 circuli
415 1929 664 1977 quadratura
687 1927 736 1963 sit
758 1925 920 1962 scibilis.
937 1927 1052 1970 Nam,
1068 1923 1099 1960 si
1115 1931 1275 1972 oportet
1292 1933 1454 1958 omnem
1481 1933 1568 1968 per-

256 1987 404 2023 fectum
450 1986 645 2022 circulum
693 1993 878 2021 constare
923 1995 967 2019 ex
1013 1981 1172 2031 punctis
1205 1980 1357 2029 pariter
1390 1979 1567 2027 paribus,

255 2045 363 2082 iuxta
397 2044 623 2082 evidencias
672 2056 792 2091 supra
837 2042 975 2085 dictas,
1022 2041 1083 2077 vel
1116 2052 1237 2088 supra
1270 2047 1412 2083 tactaS‚
1458 2045 1568 2085 patet

198 2106 240 2138 30
255 2105 363 2152 quod
380 2112 437 2140 est
459 2101 707 2151 impossibile
731 2101 904 2149 aliquem
922 2099 1115 2136 circulum
1134 2099 1336 2146 adequare
1356 2096 1568 2144 quadrato,

256 2162 368 2199 cuius
401 2161 512 2198 radix
545 2170 602 2197 est
641 2159 794 2208 primus
840 2170 1032 2195 numerus
1078 2155 1303 2193 circularis:
1351 2163 1388 2191 et
1432 2153 1489 2189 sic
1523 2154 1570 2188 de

256 2219 452 2269 quotlibet
497 2219 585 2256 aliis
630 2230 706 2267 que
750 2230 831 2254 non
876 2224 1063 2253 constant
1108 2227 1152 2250 ex
1194 2212 1373 2250 numeris
1421 2211 1571 2260 pariter

256 2278 433 2327 paribus,
478 2279 624 2314 Ymmo
668 2284 778 2324 patet
821 2273 1044 2312 intendenti
1079 2273 1189 2322 quod
1233 2272 1300 2308 illo
1345 2269 1569 2318 supposito,

256 2337 387 2373 solum
433 2335 635 2384 quantitas
680 2336 879 2383 quadrata
925 2332 1038 2369 cuius
1086 2330 1195 2367 radix
1241 2339 1299 2366 est
1350 2329 1571 2377 quadratus

200 2400 239 2432 35
258 2395 358 2431 foret
390 2394 540 2430 circulo
574 2393 824 2441 coequanda.
871 2391 911 2428 Si
944 2399 1076 2427 autem
1111 2401 1154 2425 ex
1188 2388 1367 2437 quolibet
1399 2398 1570 2422 numero

257 2453 344 2502 pari
377 2460 620 2500 punctorum
653 2452 760 2487 ultra
790 2461 850 2494 10,
875 2457 1032 2485 constat
1055 2447 1207 2496 pariter
1230 2448 1355 2483 cubus
1379 2454 1416 2481 et
1439 2445 1570 2480 solum

258 2524 302 2548 ex
334 2510 418 2557 tali,
473 2511 604 2546 adhuc
642 2517 752 2557 patet
784 2508 882 2544 illud
915 2508 963 2543 de
1007 2505 1189 2554 quolibet
1232 2506 1431 2553 quadrato
1477 2515 1570 2539 con—

258 2577 388 2606 stante
421 2581 464 2605 ex
499 2580 669 2604 numero
702 2566 778 2615 ipsi
812 2564 1012 2602 circulari.
1052 2566 1101 2600 Et
1134 2576 1178 2600 ex
1210 2562 1286 2599 isto
1318 2570 1429 2610 patet
1462 2561 1569 2609 quod

259 2635 543 2676 argumentum
579 2625 752 2662 buffonis
784 2637 865 2660 non
897 2622 1079 2672 sequitur
1111 2634 1155 2658 ex
1188 2620 1330 2657 dubio:
1364 2620 1572 2668 cuicunque

330 2852 350 2871 1.
371 2849 436 2871 co¹¹²³
451 2851 512 2878 pro
533 2842 706 2869 continente
726 2841 759 2868 Β.
850 2848 875 2868 2.
898 2839 1006 2867 coussss.
1098 2853 1123 2880 7·
1149 2837 1246 2864 c'cuw
1268 2836 1300 2864 B.
1392 2835 1419 2863 8.
1441 2835 1521 2862 c'cur
1539 2834 1571 2861 R.

261 2921 307 2948 29.
329 2901 363 2941 'sib
387 2915 418 2941 B.
492 2912 530 2940 31.
548 2913 597 2948 p'o
614 2913 645 2939 Β.
718 2910 765 2939 36.
787 2895 836 2946 533
879 2910 946 2944 calz)
969 2909 1001 2936 B.
1076 2906 1122 2942 39.
1143 2915 1157 2952 ζ
1181 2907 1212 2933 Β.
1281 2905 1328 2940 39.
1352 2903 1515 2932 brissonis?
1538 2904 1570 2930 Β.

1801 305 1852 343 59

1629 591 1691 619 Not
1712 600 1803 627 every
1832 595 1836 598 ”

1644 627 1794 662 quantity,

1592 662 1729 688 whether
1749 662 1838 688 cubic

1631 705 1666 723 or
1686 705 1807 731 square,

1599 731 1734 758 consists
1755 732 1842 758 osan

1604 766 1665 792 odd
1687 774 1721 793 or
1742 767 1775 792 ot*
1792 774 1828 792 an

1579 809 1651 827 even
1675 801 1806 828 number
1825 801 1859 827 of

1657 836 1771 870 points.

1618 1227 1685 1254 Nor
1705 1235 1755 1254 are
1776 1228 1812 1254 all

1580 1271 1690 1297 square
1711 1271 1746 1289 or
1766 1264 1855 1289 cubic

1632 1298 1796 1332 quantities

1613 1340 1810 1359 commensa-

1614 1368 1706 1399 rable,
1728 1367 1810 1394 since

1615 1403 1762 1429 numbers
1784 1403 1819 1429 οῖ’

1599 1438 1703 1471 points
1723 1445 1773 1463 are
1794 1441 1847 1463 not

1590 1472 1775 1507 necessarily
1797 1480 1851 1505 so;

1597 1553 1667 1579 thus
1688 1552 1709 1579 it
1730 1552 1754 1580 is
1777 1557 1829 1580 not

1579 1588 1694 1623 always
1716 1588 1853 1622 possible

1598 1627 1628 1649 to
1650 1623 1767 1657 change
1788 1624 1836 1650 the

1632 1657 1713 1684 form
1735 1658 1770 1684 of
1786 1666 1801 1684 a

1609 1693 1697 1727 given
1719 1700 1841 1728 square,

1652 1728 1782 1762 keeping

1642 1762 1692 1789 the
1712 1770 1812 1789 same-

1588 1805 1698 1833 square
1718 1797 1850 1824 number

1634 1832 1668 1859 of
1686 1832 1799 1867 points.

1600 1868 1625 1894 It
1646 1867 1671 1894 is
1692 1867 1831 1894 doubttul

1596 1902 1733 1929 whether
1754 1910 1844 1937 every

1610 1937 1700 1964 circle
1721 1945 1775 1963 can
1799 1938 1833 1963 be

1610 1971 1754 2007 squared,
1776 1973 1834 1998 and

1619 2006 1755 2034 whether
1774 2007 1824 2033 the

1601 2042 1789 2076 quadrature
1809 2041 1844 2067 of

1596 2084 1654 2111 any
1675 2077 1766 2103 circle
1786 2084 1841 2102 can

1645 2112 1678 2138 be
1700 2111 1807 2138 found.

1587 2553 1612 2579 It
1633 2552 1671 2587 by
1692 2560 1732 2579 no
1753 2560 1860 2579 means

1614 2588 1736 2615 follows
1756 2588 1831 2620 that,

1598 2622 1623 2649 if
1640 2631 1684 2649 we
1704 2630 1759 2648 can
1782 2622 1843 2648 lind

1605 2665 1618 2683 a
1641 2657 1732 2683 circle
1753 2659 1798 2690 (or
1819 2665 1835 2682 a
