<?xml version="1.0" encoding="UTF-8"?>
<!DOCTYPE html PUBLIC "-//W3C//DTD XHTML 1.0 Transitional//EN"
    "http://www.w3.org/TR/xhtml1/DTD/xhtml1-transitional.dtd">
<html xmlns="http://www.w3.org/1999/xhtml" xml:lang="en" lang="en">
 <head>
  <title>
</title>
<meta http-equiv="Content-Type" content="text/html;charset=utf-8" />
  <meta name='ocr-system' content='tesseract 3.04.00' />
  <meta name='ocr-capabilities' content='ocr_page ocr_carea ocr_par ocr_line ocrx_word'/>
</head>
<body>
  <div class='ocr_page' id='page_1' title='image "./johanniswycliftr1403wycl/johanniswycliftr1403wycl_0133.png"; bbox 0 0 1996 3322; ppageno 0'>
   <div class='ocr_carea' id='block_1_1' title="bbox 251 295 995 328">
    <p class='ocr_par' dir='ltr' id='par_1_1' title="bbox 251 295 995 328">
     <span class='ocr_line' id='line_1_1' title="bbox 251 295 995 328; baseline 0.007 -5"><span class='ocrx_word' id='word_1_1' title='bbox 251 296 339 324; x_wconf 75' lang='lat' dir='ltr'><strong>CAP.</strong></span> <span class='ocrx_word' id='word_1_2' title='bbox 362 295 411 323; x_wconf 90' lang='lat' dir='ltr'>IX.</span> <span class='ocrx_word' id='word_1_3' title='bbox 810 296 995 328; x_wconf 72' lang='lat' dir='ltr'><strong>LOGICA.</strong></span> 
     </span>
    </p>
   </div>
   <div class='ocr_carea' id='block_1_2' title="bbox 110 400 1564 2775">
    <p class='ocr_par' dir='ltr' id='par_1_2' title="bbox 110 400 1564 1555">
     <span class='ocr_line' id='line_1_2' title="bbox 251 400 1562 451; baseline -0.005 -9"><span class='ocrx_word' id='word_1_4' title='bbox 251 405 416 442; x_wconf 79' lang='lat' dir='ltr'>servatis</span> <span class='ocrx_word' id='word_1_5' title='bbox 456 404 539 441; x_wconf 88' lang='lat' dir='ltr'>eius</span> <span class='ocrx_word' id='word_1_6' title='bbox 579 402 854 440; x_wconf 87' lang='lat' dir='ltr'>accidentibus</span> <span class='ocrx_word' id='word_1_7' title='bbox 900 403 1024 451; x_wconf 87' lang='lat' dir='ltr'>(quod</span> <span class='ocrx_word' id='word_1_8' title='bbox 1070 411 1127 438; x_wconf 88' lang='lat' dir='ltr'>est</span> <span class='ocrx_word' id='word_1_9' title='bbox 1172 400 1433 451; x_wconf 75' lang='lat' dir='ltr'>impossibile,</span> <span class='ocrx_word' id='word_1_10' title='bbox 1479 410 1562 437; x_wconf 88' lang='lat' dir='ltr'>toto</span> 
     </span>
     <span class='ocr_line' id='line_1_3' title="bbox 251 458 1563 508; baseline -0.005 -8"><span class='ocrx_word' id='word_1_11' title='bbox 251 465 384 500; x_wconf 88' lang='lat' dir='ltr'>colore</span> <span class='ocrx_word' id='word_1_12' title='bbox 429 458 620 506; x_wconf 59' lang='lat' dir='ltr'>servato),</span> <span class='ocrx_word' id='word_1_13' title='bbox 668 470 724 498; x_wconf 90' lang='lat' dir='ltr'>est</span> <span class='ocrx_word' id='word_1_14' title='bbox 770 462 865 497; x_wconf 84' lang='lat' dir='ltr'>dare</span> <span class='ocrx_word' id='word_1_15' title='bbox 909 461 1030 496; x_wconf 87' lang='lat' dir='ltr'>situm</span> <span class='ocrx_word' id='word_1_16' title='bbox 1063 472 1134 508; x_wconf 88' lang='lat' dir='ltr'>per</span> <span class='ocrx_word' id='word_1_17' title='bbox 1166 471 1285 508; x_wconf 87' lang='lat' dir='ltr'>quem</span> <span class='ocrx_word' id='word_1_18' title='bbox 1321 468 1378 495; x_wconf 90' lang='lat' dir='ltr'>est</span> <span class='ocrx_word' id='word_1_19' title='bbox 1410 458 1563 495; x_wconf 89' lang='lat' dir='ltr'>anichi-</span> 
     </span>
     <span class='ocr_line' id='line_1_4' title="bbox 250 510 1563 569; baseline -0.005 -11"><span class='ocrx_word' id='word_1_20' title='bbox 250 522 365 567; x_wconf 88' lang='lat' dir='ltr'>lacio,</span> <span class='ocrx_word' id='word_1_21' title='bbox 401 530 437 557; x_wconf 86' lang='lat' dir='ltr'>et</span> <span class='ocrx_word' id='word_1_22' title='bbox 462 533 533 569; x_wconf 83' lang='lat' dir='ltr'>per</span> <span class='ocrx_word' id='word_1_23' title='bbox 566 510 827 567; x_wconf 77' lang='lat' dir='ltr'>consequens,</span> <span class='ocrx_word' id='word_1_24' title='bbox 862 519 929 554; x_wconf 92' lang='lat' dir='ltr'>ubi</span> <span class='ocrx_word' id='word_1_25' title='bbox 962 520 995 554; x_wconf 92' lang='lat' dir='ltr'><strong>A</strong></span> <span class='ocrx_word' id='word_1_26' title='bbox 1028 518 1101 554; x_wconf 80' lang='lat' dir='ltr'>erit</span> <span class='ocrx_word' id='word_1_27' title='bbox 1133 518 1319 554; x_wconf 78' lang='lat' dir='ltr'>ultimate</span> <span class='ocrx_word' id='word_1_28' title='bbox 1359 516 1461 553; x_wconf 84' lang='lat' dir='ltr'>sicut</span> <span class='ocrx_word' id='word_1_29' title='bbox 1506 526 1563 553; x_wconf 89' lang='lat' dir='ltr'>est</span> 
     </span>
     <span class='ocr_line' id='line_1_5' title="bbox 110 574 1564 627; baseline -0.004 -11"><span class='ocrx_word' id='word_1_30' title='bbox 110 579 136 609; x_wconf 82' lang='grc' dir='ltr'>Β</span> <span class='ocrx_word' id='word_1_31' title='bbox 159 578 236 610; x_wconf 67' lang='lat'>¹30³</span> <span class='ocrx_word' id='word_1_32' title='bbox 250 581 345 616; x_wconf 85' lang='lat' dir='ltr'>dare</span> <span class='ocrx_word' id='word_1_33' title='bbox 368 591 494 627; x_wconf 84' lang='lat' dir='ltr'>usque</span> <span class='ocrx_word' id='word_1_34' title='bbox 518 579 567 614; x_wconf 83' lang='lat' dir='ltr'>ad</span> <span class='ocrx_word' id='word_1_35' title='bbox 592 590 710 625; x_wconf 83' lang='lat' dir='ltr'>quem</span> <span class='ocrx_word' id='word_1_36' title='bbox 728 577 848 612; x_wconf 82' lang='lat' dir='ltr'>situm</span> <span class='ocrx_word' id='word_1_37' title='bbox 880 574 883 627; x_wconf 87' lang='grc' dir='ltr'>Ι</span> <span class='ocrx_word' id='word_1_38' title='bbox 913 575 1165 625; x_wconf 85' lang='lat' dir='ltr'>pretenditur</span> <span class='ocrx_word' id='word_1_39' title='bbox 1189 576 1300 612; x_wconf 89' lang='lat' dir='ltr'>color</span> <span class='ocrx_word' id='word_1_40' title='bbox 1324 584 1362 611; x_wconf 93' lang='lat' dir='ltr'>et</span> <span class='ocrx_word' id='word_1_41' title='bbox 1385 576 1564 611; x_wconf 81' lang='lat' dir='ltr'>defertur</span> 
     </span>
     <span class='ocr_line' id='line_1_6' title="bbox 218 633 1563 684; baseline -0.004 -11"><span class='ocrx_word' id='word_1_42' title='bbox 218 637 435 673; x_wconf 78' lang='lat' dir='ltr'>5accidens</span> <span class='ocrx_word' id='word_1_43' title='bbox 467 649 537 684; x_wconf 91' lang='lat' dir='ltr'>per</span> <span class='ocrx_word' id='word_1_44' title='bbox 569 637 601 671; x_wconf 98' lang='lat' dir='ltr'><strong>A</strong></span> <span class='ocrx_word' id='word_1_45' title='bbox 634 634 824 683; x_wconf 81' lang='lat' dir='ltr'>lapidem.</span> <span class='ocrx_word' id='word_1_46' title='bbox 859 637 901 670; x_wconf 91' lang='lat' dir='ltr'>In</span> <span class='ocrx_word' id='word_1_47' title='bbox 935 634 1013 670; x_wconf 82' lang='lat' dir='ltr'>fine</span> <span class='ocrx_word' id='word_1_48' title='bbox 1047 646 1142 682; x_wconf 85' lang='lat' dir='ltr'>ergo</span> <span class='ocrx_word' id='word_1_49' title='bbox 1176 633 1250 670; x_wconf 85' lang='lat' dir='ltr'>erit</span> <span class='ocrx_word' id='word_1_50' title='bbox 1282 645 1419 669; x_wconf 75' lang='lat' dir='ltr'>verum</span> <span class='ocrx_word' id='word_1_51' title='bbox 1454 635 1563 681; x_wconf 91' lang='lat' dir='ltr'>quod</span> 
     </span>
     <span class='ocr_line' id='line_1_7' title="bbox 248 690 1559 741; baseline -0.001 -11"><span class='ocrx_word' id='word_1_52' title='bbox 248 697 280 730; x_wconf 90' lang='lat' dir='ltr'><strong>A</strong></span> <span class='ocrx_word' id='word_1_53' title='bbox 314 694 363 730; x_wconf 87' lang='lat' dir='ltr'>sit</span> <span class='ocrx_word' id='word_1_54' title='bbox 397 696 439 741; x_wconf 78' lang='grc' dir='ltr'>Β,</span> <span class='ocrx_word' id='word_1_55' title='bbox 474 703 511 730; x_wconf 88' lang='grc' dir='ltr'>θῖ</span> <span class='ocrx_word' id='word_1_56' title='bbox 544 706 614 741; x_wconf 89' lang='lat' dir='ltr'>per</span> <span class='ocrx_word' id='word_1_57' title='bbox 649 705 899 740; x_wconf 86' lang='lat' dir='ltr'>consequens</span> <span class='ocrx_word' id='word_1_58' title='bbox 932 693 1041 740; x_wconf 85' lang='lat' dir='ltr'>quod</span> <span class='ocrx_word' id='word_1_59' title='bbox 1074 691 1146 728; x_wconf 86' lang='lat' dir='ltr'>fuit</span> <span class='ocrx_word' id='word_1_60' title='bbox 1179 691 1233 728; x_wconf 90' lang='lat' dir='ltr'>ita</span> <span class='ocrx_word' id='word_1_61' title='bbox 1267 692 1377 739; x_wconf 85' lang='lat' dir='ltr'>quod</span> <span class='ocrx_word' id='word_1_62' title='bbox 1402 699 1460 727; x_wconf 92' lang='lat' dir='ltr'>est</span> <span class='ocrx_word' id='word_1_63' title='bbox 1484 690 1559 729; x_wconf 89' lang='lat' dir='ltr'>hic.</span> 
     </span>
     <span class='ocr_line' id='line_1_8' title="bbox 250 750 1562 799; baseline -0.004 -10"><span class='ocrx_word' id='word_1_64' title='bbox 250 752 290 789; x_wconf 86' lang='lat' dir='ltr'>Si</span> <span class='ocrx_word' id='word_1_65' title='bbox 325 765 419 799; x_wconf 77' lang='lat' dir='ltr'>ergo</span> <span class='ocrx_word' id='word_1_66' title='bbox 453 754 485 788; x_wconf 89' lang='lat' dir='ltr'><strong>A</strong></span> <span class='ocrx_word' id='word_1_67' title='bbox 519 751 592 788; x_wconf 87' lang='lat' dir='ltr'>erit</span> <span class='ocrx_word' id='word_1_68' title='bbox 616 752 666 787; x_wconf 84' lang='lat' dir='ltr'>ad</span> <span class='ocrx_word' id='word_1_69' title='bbox 692 753 733 793; x_wconf 77' lang='grc' dir='ltr'>Β,</span> <span class='ocrx_word' id='word_1_70' title='bbox 768 759 962 798; x_wconf 87' lang='lat' dir='ltr'>punctum</span> <span class='ocrx_word' id='word_1_71' title='bbox 989 750 1273 797; x_wconf 82' lang='lat' dir='ltr'>extrinsecum,</span> <span class='ocrx_word' id='word_1_72' title='bbox 1307 758 1401 785; x_wconf 88' lang='lat' dir='ltr'>tunc</span> <span class='ocrx_word' id='word_1_73' title='bbox 1426 758 1562 797; x_wconf 82' lang='lat' dir='ltr'>tanget</span> 
     </span>
     <span class='ocr_line' id='line_1_9' title="bbox 248 807 1561 858; baseline -0.003 -12"><span class='ocrx_word' id='word_1_74' title='bbox 248 810 396 858; x_wconf 87' lang='lat' dir='ltr'>ipsum,</span> <span class='ocrx_word' id='word_1_75' title='bbox 431 819 468 846; x_wconf 86' lang='lat' dir='ltr'>et</span> <span class='ocrx_word' id='word_1_76' title='bbox 492 809 564 846; x_wconf 83' lang='lat' dir='ltr'>erit</span> <span class='ocrx_word' id='word_1_77' title='bbox 593 809 647 845; x_wconf 89' lang='lat' dir='ltr'>ita</span> <span class='ocrx_word' id='word_1_78' title='bbox 680 810 789 857; x_wconf 87' lang='lat' dir='ltr'>quod</span> <span class='ocrx_word' id='word_1_79' title='bbox 823 817 880 844; x_wconf 89' lang='lat' dir='ltr'>est</span> <span class='ocrx_word' id='word_1_80' title='bbox 914 809 963 844; x_wconf 90' lang='lat' dir='ltr'>ad</span> <span class='ocrx_word' id='word_1_81' title='bbox 994 808 1118 845; x_wconf 87' lang='lat' dir='ltr'>illum.</span> <span class='ocrx_word' id='word_1_82' title='bbox 1155 809 1202 843; x_wconf 79' lang='lat' dir='ltr'>Et</span> <span class='ocrx_word' id='word_1_83' title='bbox 1226 808 1345 843; x_wconf 86' lang='lat' dir='ltr'>habet</span> <span class='ocrx_word' id='word_1_84' title='bbox 1369 807 1561 851; x_wconf 84' lang='lat' dir='ltr'>colorem,</span> 
     </span>
     <span class='ocr_line' id='line_1_10' title="bbox 248 865 1561 915; baseline -0.003 -11"><span class='ocrx_word' id='word_1_85' title='bbox 248 868 280 904; x_wconf 89' lang='lat' dir='ltr'>si</span> <span class='ocrx_word' id='word_1_86' title='bbox 320 870 368 904; x_wconf 87' lang='lat' dir='ltr'>de</span> <span class='ocrx_word' id='word_1_87' title='bbox 407 868 630 915; x_wconf 79' lang='lat' dir='ltr'>longinqua</span> <span class='ocrx_word' id='word_1_88' title='bbox 671 866 898 903; x_wconf 82' lang='lat' dir='ltr'>extensione</span> <span class='ocrx_word' id='word_1_89' title='bbox 937 865 1146 913; x_wconf 87' lang='lat' dir='ltr'>temporis</span> <span class='ocrx_word' id='word_1_90' title='bbox 1174 866 1293 901; x_wconf 86' lang='lat' dir='ltr'>habet</span> <span class='ocrx_word' id='word_1_91' title='bbox 1327 866 1561 911; x_wconf 78' lang='lat' dir='ltr'>concedere,</span> 
     </span>
     <span class='ocr_line' id='line_1_11' title="bbox 196 922 1560 973; baseline -0.001 -13"><span class='ocrx_word' id='word_1_92' title='bbox 196 926 413 973; x_wconf 85' lang='lat' dir='ltr'>10scilicet,</span> <span class='ocrx_word' id='word_1_93' title='bbox 459 926 491 962; x_wconf 90' lang='lat' dir='ltr'>si</span> <span class='ocrx_word' id='word_1_94' title='bbox 536 924 689 973; x_wconf 85' lang='lat' dir='ltr'>aliquid</span> <span class='ocrx_word' id='word_1_95' title='bbox 735 924 965 972; x_wconf 79' lang='lat' dir='ltr'>aliqualiter</span> <span class='ocrx_word' id='word_1_96' title='bbox 1009 936 1049 959; x_wconf 90' lang='lat' dir='ltr'>se</span> <span class='ocrx_word' id='word_1_97' title='bbox 1096 923 1235 959; x_wconf 84' lang='lat' dir='ltr'>habuit</span> <span class='ocrx_word' id='word_1_98' title='bbox 1278 923 1338 959; x_wconf 85' lang='lat' dir='ltr'>vel</span> <span class='ocrx_word' id='word_1_99' title='bbox 1383 922 1560 968; x_wconf 80' lang='lat' dir='ltr'>habebit,</span> 
     </span>
     <span class='ocr_line' id='line_1_12' title="bbox 248 980 1561 1028; baseline -0.003 -8"><span class='ocrx_word' id='word_1_100' title='bbox 248 993 342 1021; x_wconf 88' lang='lat' dir='ltr'>tunc</span> <span class='ocrx_word' id='word_1_101' title='bbox 390 983 421 1020; x_wconf 91' lang='lat' dir='ltr'>si</span> <span class='ocrx_word' id='word_1_102' title='bbox 460 996 500 1020; x_wconf 89' lang='lat' dir='ltr'>se</span> <span class='ocrx_word' id='word_1_103' title='bbox 536 984 672 1022; x_wconf 86' lang='lat' dir='ltr'>habet.-</span> <span class='ocrx_word' id='word_1_104' title='bbox 714 984 804 1019; x_wconf 89' lang='lat' dir='ltr'>Non</span> <span class='ocrx_word' id='word_1_105' title='bbox 840 982 945 1019; x_wconf 90' lang='lat' dir='ltr'>enim</span> <span class='ocrx_word' id='word_1_106' title='bbox 989 991 1045 1018; x_wconf 91' lang='lat' dir='ltr'>est</span> <span class='ocrx_word' id='word_1_107' title='bbox 1079 982 1189 1017; x_wconf 89' lang='lat' dir='ltr'>color</span> <span class='ocrx_word' id='word_1_108' title='bbox 1222 980 1261 1017; x_wconf 89' lang='lat' dir='ltr'>in</span> <span class='ocrx_word' id='word_1_109' title='bbox 1297 981 1372 1017; x_wconf 88' lang='lat' dir='ltr'>isto</span> <span class='ocrx_word' id='word_1_110' title='bbox 1405 981 1561 1028; x_wconf 85' lang='lat' dir='ltr'>zophis-</span> 
     </span>
     <span class='ocr_line' id='line_1_13' title="bbox 248 1039 1560 1079; baseline -0.002 -2"><span class='ocrx_word' id='word_1_111' title='bbox 248 1052 373 1079; x_wconf 84' lang='lat' dir='ltr'>mate:</span> <span class='ocrx_word' id='word_1_112' title='bbox 414 1043 466 1078; x_wconf 78' lang='lat' dir='ltr'>ad</span> <span class='ocrx_word' id='word_1_113' title='bbox 498 1042 610 1077; x_wconf 81' lang='lat' dir='ltr'>istum</span> <span class='ocrx_word' id='word_1_114' title='bbox 644 1042 850 1077; x_wconf 81' lang='lat' dir='ltr'>terminum</span> <span class='ocrx_word' id='word_1_115' title='bbox 885 1041 916 1075; x_wconf 83' lang='lat' dir='ltr'><strong>A</strong></span> <span class='ocrx_word' id='word_1_116' title='bbox 950 1047 1005 1076; x_wconf 80' lang='lat' dir='ltr'>est</span> <span class='ocrx_word' id='word_1_117' title='bbox 1037 1048 1074 1075; x_wconf 87' lang='lat' dir='ltr'>et</span> <span class='ocrx_word' id='word_1_118' title='bbox 1106 1040 1138 1075; x_wconf 81' lang='grc' dir='ltr'><strong><em>Α</em></strong></span> <span class='ocrx_word' id='word_1_119' title='bbox 1171 1052 1243 1075; x_wconf 84' lang='lat' dir='ltr'>non</span> <span class='ocrx_word' id='word_1_120' title='bbox 1276 1047 1332 1075; x_wconf 81' lang='lat' dir='ltr'>est</span> <span class='ocrx_word' id='word_1_121' title='bbox 1363 1039 1415 1074; x_wconf 79' lang='lat' dir='ltr'>ad</span> <span class='ocrx_word' id='word_1_122' title='bbox 1447 1039 1560 1075; x_wconf 80' lang='lat' dir='ltr'>istum</span> 
     </span>
     <span class='ocr_line' id='line_1_14' title="bbox 248 1097 1562 1149; baseline -0.003 -13"><span class='ocrx_word' id='word_1_123' title='bbox 248 1100 468 1136; x_wconf 82' lang='lat' dir='ltr'>terminum.</span> <span class='ocrx_word' id='word_1_124' title='bbox 517 1099 712 1149; x_wconf 82' lang='lat' dir='ltr'>Infinitum</span> <span class='ocrx_word' id='word_1_125' title='bbox 750 1099 1012 1149; x_wconf 77' lang='lat' dir='ltr'>propinquum</span> <span class='ocrx_word' id='word_1_126' title='bbox 1054 1105 1108 1133; x_wconf 80' lang='lat' dir='ltr'>est</span> <span class='ocrx_word' id='word_1_127' title='bbox 1147 1098 1177 1133; x_wconf 85' lang='lat' dir='ltr'><strong>A</strong></span> <span class='ocrx_word' id='word_1_128' title='bbox 1212 1098 1298 1133; x_wconf 76' lang='lat' dir='ltr'>hinc</span> <span class='ocrx_word' id='word_1_129' title='bbox 1330 1097 1494 1133; x_wconf 79' lang='lat' dir='ltr'>termino</span> <span class='ocrx_word' id='word_1_130' title='bbox 1527 1105 1562 1132; x_wconf 80' lang='lat' dir='ltr'>et</span> 
     </span>
     <span class='ocr_line' id='line_1_15' title="bbox 246 1155 1561 1208; baseline -0.003 -14"><span class='ocrx_word' id='word_1_131' title='bbox 246 1159 278 1193; x_wconf 91' lang='lat' dir='ltr'><strong>A</strong></span> <span class='ocrx_word' id='word_1_132' title='bbox 318 1172 389 1194; x_wconf 80' lang='lat' dir='ltr'>non</span> <span class='ocrx_word' id='word_1_133' title='bbox 429 1166 485 1194; x_wconf 78' lang='lat' dir='ltr'>est</span> <span class='ocrx_word' id='word_1_134' title='bbox 522 1158 709 1208; x_wconf 84' lang='lat' dir='ltr'>infinitum</span> <span class='ocrx_word' id='word_1_135' title='bbox 746 1157 1006 1207; x_wconf 76' lang='lat' dir='ltr'>propinquum</span> <span class='ocrx_word' id='word_1_136' title='bbox 1042 1156 1127 1192; x_wconf 81' lang='lat' dir='ltr'>hinc</span> <span class='ocrx_word' id='word_1_137' title='bbox 1159 1156 1345 1200; x_wconf 53' lang='lat' dir='ltr'>termium·</span> <span class='ocrx_word' id='word_1_138' title='bbox 1377 1155 1471 1203; x_wconf 87' lang='lat' dir='ltr'>quia</span> <span class='ocrx_word' id='word_1_139' title='bbox 1505 1165 1561 1192; x_wconf 88' lang='lat' dir='ltr'>est</span> 
     </span>
     <span class='ocr_line' id='line_1_16' title="bbox 195 1215 1559 1263; baseline -0.002 -12"><span class='ocrx_word' id='word_1_140' title='bbox 195 1222 229 1253; x_wconf 76' lang='lat'>15</span> <span class='ocrx_word' id='word_1_141' title='bbox 247 1217 343 1252; x_wconf 84' lang='lat' dir='ltr'>dare</span> <span class='ocrx_word' id='word_1_142' title='bbox 377 1225 506 1252; x_wconf 90' lang='lat' dir='ltr'>totum</span> <span class='ocrx_word' id='word_1_143' title='bbox 540 1216 679 1260; x_wconf 87' lang='lat' dir='ltr'>situm,</span> <span class='ocrx_word' id='word_1_144' title='bbox 712 1228 782 1263; x_wconf 86' lang='lat' dir='ltr'>per</span> <span class='ocrx_word' id='word_1_145' title='bbox 814 1227 933 1263; x_wconf 86' lang='lat' dir='ltr'>quem</span> <span class='ocrx_word' id='word_1_146' title='bbox 970 1215 1171 1262; x_wconf 84' lang='lat' dir='ltr'>adequate</span> <span class='ocrx_word' id='word_1_147' title='bbox 1203 1226 1411 1261; x_wconf 85' lang='lat' dir='ltr'>nunquam</span> <span class='ocrx_word' id='word_1_148' title='bbox 1439 1222 1495 1249; x_wconf 87' lang='grc' dir='ltr'>θεῖ</span> <span class='ocrx_word' id='word_1_149' title='bbox 1512 1215 1559 1259; x_wconf 85' lang='grc' dir='ltr'>Α,</span> 
     </span>
     <span class='ocr_line' id='line_1_17' title="bbox 247 1271 1559 1322; baseline -0.002 -12"><span class='ocrx_word' id='word_1_150' title='bbox 247 1287 364 1322; x_wconf 89' lang='lat' dir='ltr'>quem</span> <span class='ocrx_word' id='word_1_151' title='bbox 399 1274 519 1310; x_wconf 87' lang='lat' dir='ltr'>situm</span> <span class='ocrx_word' id='word_1_152' title='bbox 556 1283 712 1310; x_wconf 90' lang='lat' dir='ltr'>motum</span> <span class='ocrx_word' id='word_1_153' title='bbox 748 1282 806 1310; x_wconf 87' lang='grc' dir='ltr'>θεῖ</span> <span class='ocrx_word' id='word_1_154' title='bbox 839 1285 922 1309; x_wconf 84' lang='grc' dir='ltr'>θεεθ</span> <span class='ocrx_word' id='word_1_155' title='bbox 955 1271 1220 1308; x_wconf 77' lang='lat' dir='ltr'>immediatum</span> <span class='ocrx_word' id='word_1_156' title='bbox 1254 1271 1428 1307; x_wconf 88' lang='lat' dir='ltr'>termino</span> <span class='ocrx_word' id='word_1_157' title='bbox 1451 1273 1559 1308; x_wconf 89' lang='lat' dir='ltr'>dato.</span> 
     </span>
     <span class='ocr_line' id='line_1_18' title="bbox 247 1329 1560 1380; baseline -0.003 -12"><span class='ocrx_word' id='word_1_158' title='bbox 247 1331 287 1368; x_wconf 81' lang='lat' dir='ltr'>Si</span> <span class='ocrx_word' id='word_1_159' title='bbox 321 1345 446 1380; x_wconf 90' lang='lat' dir='ltr'>usque</span> <span class='ocrx_word' id='word_1_160' title='bbox 479 1333 529 1368; x_wconf 90' lang='lat' dir='ltr'>ad</span> <span class='ocrx_word' id='word_1_161' title='bbox 564 1333 684 1368; x_wconf 88' lang='lat' dir='ltr'>istum</span> <span class='ocrx_word' id='word_1_162' title='bbox 718 1330 937 1368; x_wconf 88' lang='lat' dir='ltr'>terminum</span> <span class='ocrx_word' id='word_1_163' title='bbox 972 1332 1005 1366; x_wconf 88' lang='lat' dir='ltr'><strong>A</strong></span> <span class='ocrx_word' id='word_1_164' title='bbox 1038 1329 1276 1375; x_wconf 79' lang='lat' dir='ltr'>movebitur,</span> <span class='ocrx_word' id='word_1_165' title='bbox 1312 1338 1348 1365; x_wconf 88' lang='lat' dir='ltr'>et</span> <span class='ocrx_word' id='word_1_166' title='bbox 1382 1342 1455 1377; x_wconf 87' lang='lat' dir='ltr'>pro</span> <span class='ocrx_word' id='word_1_167' title='bbox 1492 1329 1560 1365; x_wconf 91' lang='lat' dir='ltr'>illo</span> 
     </span>
     <span class='ocr_line' id='line_1_19' title="bbox 247 1387 1559 1439; baseline -0.002 -13"><span class='ocrx_word' id='word_1_168' title='bbox 247 1390 412 1426; x_wconf 83' lang='lat' dir='ltr'>instanti</span> <span class='ocrx_word' id='word_1_169' title='bbox 450 1403 523 1439; x_wconf 88' lang='lat' dir='ltr'>pro</span> <span class='ocrx_word' id='word_1_170' title='bbox 562 1403 642 1438; x_wconf 90' lang='lat' dir='ltr'>quo</span> <span class='ocrx_word' id='word_1_171' title='bbox 683 1391 713 1426; x_wconf 98' lang='lat' dir='ltr'><strong>A</strong></span> <span class='ocrx_word' id='word_1_172' title='bbox 742 1387 875 1425; x_wconf 80' lang='lat' dir='ltr'>&#39;fuerit</span> <span class='ocrx_word' id='word_1_173' title='bbox 915 1389 955 1424; x_wconf 90' lang='lat' dir='ltr'>in</span> <span class='ocrx_word' id='word_1_174' title='bbox 1000 1387 1173 1424; x_wconf 88' lang='lat' dir='ltr'>termino</span> <span class='ocrx_word' id='word_1_175' title='bbox 1218 1387 1414 1424; x_wconf 86' lang='lat' dir='ltr'>inclusivo</span> <span class='ocrx_word' id='word_1_176' title='bbox 1454 1387 1559 1423; x_wconf 88' lang='lat' dir='ltr'>illius</span> 
     </span>
     <span class='ocr_line' id='line_1_20' title="bbox 246 1445 1557 1496; baseline -0.002 -12"><span class='ocrx_word' id='word_1_177' title='bbox 246 1448 357 1496; x_wconf 83' lang='lat' dir='ltr'>situs,</span> <span class='ocrx_word' id='word_1_178' title='bbox 404 1448 478 1485; x_wconf 91' lang='lat' dir='ltr'>erit</span> <span class='ocrx_word' id='word_1_179' title='bbox 516 1450 549 1484; x_wconf 90' lang='lat' dir='ltr'><strong>A</strong></span> <span class='ocrx_word' id='word_1_180' title='bbox 595 1450 644 1485; x_wconf 88' lang='lat' dir='ltr'>ad</span> <span class='ocrx_word' id='word_1_181' title='bbox 689 1448 799 1484; x_wconf 87' lang='lat' dir='ltr'>illum</span> <span class='ocrx_word' id='word_1_182' title='bbox 854 1446 1072 1483; x_wconf 82' lang='lat' dir='ltr'>terminum</span> <span class='ocrx_word' id='word_1_183' title='bbox 1120 1455 1158 1482; x_wconf 90' lang='lat' dir='ltr'>et</span> <span class='ocrx_word' id='word_1_184' title='bbox 1201 1458 1322 1494; x_wconf 81' lang='lat' dir='ltr'>super</span> <span class='ocrx_word' id='word_1_185' title='bbox 1372 1445 1557 1482; x_wconf 79' lang='lat' dir='ltr'>ultimam</span> 
     </span>
     <span class='ocr_line' id='line_1_21' title="bbox 190 1504 1123 1555; baseline 0 -15"><span class='ocrx_word' id='word_1_186' title='bbox 190 1520 232 1541; x_wconf 85' lang='lat'>20</span> <span class='ocrx_word' id='word_1_187' title='bbox 247 1515 400 1554; x_wconf 87' lang='lat' dir='ltr'>partem</span> <span class='ocrx_word' id='word_1_188' title='bbox 435 1506 832 1555; x_wconf 82' lang='lat' dir='ltr'>proporcionabilem</span> <span class='ocrx_word' id='word_1_189' title='bbox 867 1504 973 1541; x_wconf 88' lang='lat' dir='ltr'>illius</span> <span class='ocrx_word' id='word_1_190' title='bbox 1012 1504 1123 1541; x_wconf 85' lang='lat' dir='ltr'>situs.</span> 
     </span>
    </p>

    <p class='ocr_par' dir='ltr' id='par_1_3' title="bbox 246 1561 1558 1785">
     <span class='ocr_line' id='line_1_22' title="bbox 303 1561 1557 1611; baseline -0.003 -9"><span class='ocrx_word' id='word_1_191' title='bbox 303 1567 386 1602; x_wconf 89' lang='lat' dir='ltr'>Nec</span> <span class='ocrx_word' id='word_1_192' title='bbox 423 1577 565 1602; x_wconf 83' lang='lat' dir='ltr'>vereor</span> <span class='ocrx_word' id='word_1_193' title='bbox 603 1565 699 1601; x_wconf 87' lang='lat' dir='ltr'>dare</span> <span class='ocrx_word' id='word_1_194' title='bbox 738 1564 923 1600; x_wconf 85' lang='lat' dir='ltr'>ultimam</span> <span class='ocrx_word' id='word_1_195' title='bbox 964 1572 1117 1611; x_wconf 83' lang='lat' dir='ltr'>partem</span> <span class='ocrx_word' id='word_1_196' title='bbox 1160 1561 1557 1611; x_wconf 86' lang='lat' dir='ltr'>proporcionabilem</span> 
     </span>
     <span class='ocr_line' id='line_1_23' title="bbox 246 1620 1558 1671; baseline -0.002 -13"><span class='ocrx_word' id='word_1_197' title='bbox 246 1622 416 1659; x_wconf 88' lang='lat' dir='ltr'>alicuius</span> <span class='ocrx_word' id='word_1_198' title='bbox 439 1622 641 1669; x_wconf 80' lang='lat' dir='ltr'>continui3</span> <span class='ocrx_word' id='word_1_199' title='bbox 675 1622 770 1671; x_wconf 87' lang='lat' dir='ltr'>quia</span> <span class='ocrx_word' id='word_1_200' title='bbox 803 1635 825 1658; x_wconf 89' lang='lat' dir='ltr'>a</span> <span class='ocrx_word' id='word_1_201' title='bbox 847 1621 1005 1670; x_wconf 82' lang='lat' dir='ltr'>signato</span> <span class='ocrx_word' id='word_1_202' title='bbox 1027 1623 1072 1666; x_wconf 81' lang='lat' dir='ltr'><strong>A,</strong></span> <span class='ocrx_word' id='word_1_203' title='bbox 1108 1633 1279 1669; x_wconf 87' lang='lat' dir='ltr'>corpore</span> <span class='ocrx_word' id='word_1_204' title='bbox 1303 1620 1558 1669; x_wconf 87' lang='lat' dir='ltr'>columpnari</span> 
     </span>
     <span class='ocr_line' id='line_1_24' title="bbox 246 1678 1558 1729; baseline -0.003 -11"><span class='ocrx_word' id='word_1_205' title='bbox 246 1681 440 1728; x_wconf 82' lang='lat' dir='ltr'>possibili,</span> <span class='ocrx_word' id='word_1_206' title='bbox 463 1681 676 1718; x_wconf 87' lang='lat' dir='ltr'>uniformis</span> <span class='ocrx_word' id='word_1_207' title='bbox 700 1679 903 1729; x_wconf 78' lang='lat' dir='ltr'>grossiciei</span> <span class='ocrx_word' id='word_1_208' title='bbox 919 1688 961 1716; x_wconf 90' lang='lat' dir='ltr'>ut</span> <span class='ocrx_word' id='word_1_209' title='bbox 976 1679 1150 1727; x_wconf 85' lang='lat' dir='ltr'>virgulto</span> <span class='ocrx_word' id='word_1_210' title='bbox 1169 1678 1558 1727; x_wconf 82' lang='lat' dir='ltr'>correspondentali‚</span> 
     </span>
     <span class='ocr_line' id='line_1_25' title="bbox 247 1737 1558 1785; baseline -0.002 -11"><span class='ocrx_word' id='word_1_211' title='bbox 247 1738 461 1776; x_wconf 83' lang='lat' dir='ltr'>dividendo</span> <span class='ocrx_word' id='word_1_212' title='bbox 506 1739 604 1775; x_wconf 83' lang='lat' dir='ltr'>illud</span> <span class='ocrx_word' id='word_1_213' title='bbox 650 1739 689 1775; x_wconf 91' lang='lat' dir='ltr'>in</span> <span class='ocrx_word' id='word_1_214' title='bbox 735 1751 826 1774; x_wconf 89' lang='lat' dir='ltr'>suas</span> <span class='ocrx_word' id='word_1_215' title='bbox 871 1747 1005 1785; x_wconf 86' lang='lat' dir='ltr'>partes</span> <span class='ocrx_word' id='word_1_216' title='bbox 1051 1737 1428 1785; x_wconf 79' lang='lat' dir='ltr'>proposcionabiles</span> <span class='ocrx_word' id='word_1_217' title='bbox 1468 1750 1558 1785; x_wconf 83' lang='lat' dir='ltr'>geo—</span> 
     </span>
    </p>

    <p class='ocr_par' dir='ltr' id='par_1_4' title="bbox 190 1795 1559 2078">
     <span class='ocr_line' id='line_1_26' title="bbox 190 1795 1558 1844; baseline -0.001 -12"><span class='ocrx_word' id='word_1_218' title='bbox 190 1801 229 1832; x_wconf 74' lang='lat'>25</span> <span class='ocrx_word' id='word_1_219' title='bbox 248 1797 437 1834; x_wconf 86' lang='lat' dir='ltr'>metricas</span> <span class='ocrx_word' id='word_1_220' title='bbox 471 1798 659 1844; x_wconf 81' lang='lat' dir='ltr'>minores,</span> <span class='ocrx_word' id='word_1_221' title='bbox 693 1809 828 1833; x_wconf 86' lang='lat' dir='ltr'>versus</span> <span class='ocrx_word' id='word_1_222' title='bbox 852 1798 881 1832; x_wconf 98' lang='grc' dir='ltr'>Β</span> <span class='ocrx_word' id='word_1_223' title='bbox 906 1796 1187 1832; x_wconf 80' lang='lat' dir='ltr'>extrinsecum.</span> <span class='ocrx_word' id='word_1_224' title='bbox 1223 1796 1275 1832; x_wconf 87' lang='lat' dir='ltr'>Ut</span> <span class='ocrx_word' id='word_1_225' title='bbox 1308 1795 1424 1843; x_wconf 86' lang='lat' dir='ltr'>capio</span> <span class='ocrx_word' id='word_1_226' title='bbox 1458 1796 1558 1831; x_wconf 85' lang='lat' dir='ltr'>duas</span> 
     </span>
     <span class='ocr_line' id='line_1_27' title="bbox 246 1852 1559 1903; baseline -0.001 -13"><span class='ocrx_word' id='word_1_227' title='bbox 246 1854 372 1891; x_wconf 88' lang='lat' dir='ltr'>lineas</span> <span class='ocrx_word' id='word_1_228' title='bbox 421 1855 624 1903; x_wconf 67' lang='lat' dir='ltr'>gil-ativas,</span> <span class='ocrx_word' id='word_1_229' title='bbox 685 1854 922 1903; x_wconf 84' lang='lat' dir='ltr'>incipientes</span> <span class='ocrx_word' id='word_1_230' title='bbox 967 1854 1007 1891; x_wconf 91' lang='lat' dir='ltr'>in</span> <span class='ocrx_word' id='word_1_231' title='bbox 1056 1852 1241 1890; x_wconf 84' lang='lat' dir='ltr'>extremis</span> <span class='ocrx_word' id='word_1_232' title='bbox 1286 1852 1483 1901; x_wconf 86' lang='lat' dir='ltr'>dyametri</span> <span class='ocrx_word' id='word_1_233' title='bbox 1529 1854 1559 1889; x_wconf 90' lang='lat' dir='ltr'>C</span> 
     </span>
     <span class='ocr_line' id='line_1_28' title="bbox 246 1911 1556 1961; baseline -0.001 -13"><span class='ocrx_word' id='word_1_234' title='bbox 246 1912 399 1961; x_wconf 84' lang='lat' dir='ltr'>relique</span> <span class='ocrx_word' id='word_1_235' title='bbox 422 1913 540 1960; x_wconf 84' lang='lat' dir='ltr'>basis,</span> <span class='ocrx_word' id='word_1_236' title='bbox 564 1922 601 1949; x_wconf 92' lang='lat' dir='ltr'>et</span> <span class='ocrx_word' id='word_1_237' title='bbox 630 1912 915 1961; x_wconf 83' lang='lat' dir='ltr'>circumgirent</span> <span class='ocrx_word' id='word_1_238' title='bbox 939 1911 1161 1960; x_wconf 86' lang='lat' dir='ltr'>quamlibet</span> <span class='ocrx_word' id='word_1_239' title='bbox 1183 1911 1350 1947; x_wconf 86' lang='lat' dir='ltr'>istarum</span> <span class='ocrx_word' id='word_1_240' title='bbox 1376 1911 1556 1959; x_wconf 84' lang='lat' dir='ltr'>parcium</span> 
     </span>
     <span class='ocr_line' id='line_1_29' title="bbox 247 1969 1558 2019; baseline -0.002 -12"><span class='ocrx_word' id='word_1_241' title='bbox 247 1971 662 2019; x_wconf 83' lang='lat' dir='ltr'>proporcionabilium</span> <span class='ocrx_word' id='word_1_242' title='bbox 697 1983 834 2008; x_wconf 88' lang='lat' dir='ltr'>versus</span> <span class='ocrx_word' id='word_1_243' title='bbox 859 1973 887 2007; x_wconf 91' lang='grc' dir='ltr'>Β</span> <span class='ocrx_word' id='word_1_244' title='bbox 912 1979 1134 2007; x_wconf 84' lang='lat' dir='ltr'>extremum</span> <span class='ocrx_word' id='word_1_245' title='bbox 1168 1969 1359 2006; x_wconf 88' lang='lat' dir='ltr'>continue</span> <span class='ocrx_word' id='word_1_246' title='bbox 1391 1969 1558 2018; x_wconf 84' lang='lat' dir='ltr'>propius</span> 
     </span>
     <span class='ocr_line' id='line_1_30' title="bbox 244 2027 1558 2078; baseline -0.002 -13"><span class='ocrx_word' id='word_1_247' title='bbox 244 2029 321 2066; x_wconf 86' lang='lat' dir='ltr'>sibi</span> <span class='ocrx_word' id='word_1_248' title='bbox 353 2029 462 2078; x_wconf 86' lang='lat' dir='ltr'>ipsis,</span> <span class='ocrx_word' id='word_1_249' title='bbox 504 2042 630 2078; x_wconf 87' lang='lat' dir='ltr'>usque</span> <span class='ocrx_word' id='word_1_250' title='bbox 663 2030 713 2066; x_wconf 87' lang='lat' dir='ltr'>ad</span> <span class='ocrx_word' id='word_1_251' title='bbox 746 2032 775 2065; x_wconf 94' lang='grc' dir='ltr'>Β</span> <span class='ocrx_word' id='word_1_252' title='bbox 809 2028 953 2075; x_wconf 83' lang='lat' dir='ltr'>basim,</span> <span class='ocrx_word' id='word_1_253' title='bbox 993 2037 1030 2064; x_wconf 89' lang='lat' dir='ltr'>et</span> <span class='ocrx_word' id='word_1_254' title='bbox 1064 2027 1177 2076; x_wconf 83' lang='lat' dir='ltr'>signo</span> <span class='ocrx_word' id='word_1_255' title='bbox 1211 2027 1403 2064; x_wconf 85' lang='lat' dir='ltr'>corticem</span> <span class='ocrx_word' id='word_1_256' title='bbox 1437 2027 1558 2063; x_wconf 89' lang='lat' dir='ltr'>inter-</span> 
     </span>
    </p>

    <p class='ocr_par' dir='ltr' id='par_1_5' title="bbox 188 2087 1558 2369">
     <span class='ocr_line' id='line_1_31' title="bbox 188 2087 1556 2136; baseline -0.002 -12"><span class='ocrx_word' id='word_1_257' title='bbox 188 2092 229 2124; x_wconf 75' lang='lat'>30</span> <span class='ocrx_word' id='word_1_258' title='bbox 245 2096 402 2136; x_wconf 87' lang='lat' dir='ltr'>ceptam</span> <span class='ocrx_word' id='word_1_259' title='bbox 437 2087 540 2124; x_wconf 85' lang='lat' dir='ltr'>inter</span> <span class='ocrx_word' id='word_1_260' title='bbox 573 2088 660 2124; x_wconf 88' lang='lat' dir='ltr'>illas</span> <span class='ocrx_word' id='word_1_261' title='bbox 694 2089 794 2124; x_wconf 87' lang='lat' dir='ltr'>duas</span> <span class='ocrx_word' id='word_1_262' title='bbox 827 2087 954 2123; x_wconf 85' lang='lat' dir='ltr'>lineas</span> <span class='ocrx_word' id='word_1_263' title='bbox 987 2099 1058 2135; x_wconf 84' lang='lat' dir='ltr'>per</span> <span class='ocrx_word' id='word_1_264' title='bbox 1092 2088 1144 2123; x_wconf 90' lang='lat' dir='ltr'>D:</span> <span class='ocrx_word' id='word_1_265' title='bbox 1178 2095 1272 2122; x_wconf 84' lang='lat' dir='ltr'>tunc</span> <span class='ocrx_word' id='word_1_266' title='bbox 1305 2094 1415 2134; x_wconf 85' lang='lat' dir='ltr'>patet</span> <span class='ocrx_word' id='word_1_267' title='bbox 1448 2087 1556 2134; x_wconf 92' lang='lat' dir='ltr'>quod</span> 
     </span>
     <span class='ocr_line' id='line_1_32' title="bbox 245 2143 1558 2194; baseline -0.002 -13"><span class='ocrx_word' id='word_1_268' title='bbox 245 2147 340 2182; x_wconf 88' lang='lat' dir='ltr'>deus</span> <span class='ocrx_word' id='word_1_269' title='bbox 369 2154 502 2194; x_wconf 86' lang='lat' dir='ltr'>potest</span> <span class='ocrx_word' id='word_1_270' title='bbox 531 2158 792 2194; x_wconf 79' lang='lat' dir='ltr'>corrumpere</span> <span class='ocrx_word' id='word_1_271' title='bbox 826 2157 946 2182; x_wconf 89' lang='lat' dir='ltr'>omne</span> <span class='ocrx_word' id='word_1_272' title='bbox 979 2157 1124 2192; x_wconf 89' lang='lat' dir='ltr'>corpus</span> <span class='ocrx_word' id='word_1_273' title='bbox 1157 2143 1198 2180; x_wconf 89' lang='lat' dir='ltr'>in</span> <span class='ocrx_word' id='word_1_274' title='bbox 1231 2143 1307 2180; x_wconf 86' lang='lat' dir='ltr'>ista</span> <span class='ocrx_word' id='word_1_275' title='bbox 1341 2145 1558 2192; x_wconf 84' lang='lat' dir='ltr'>columpna</span> 
     </span>
     <span class='ocr_line' id='line_1_33' title="bbox 245 2201 1556 2253; baseline -0.002 -13"><span class='ocrx_word' id='word_1_276' title='bbox 245 2213 376 2251; x_wconf 87' lang='lat' dir='ltr'>preter</span> <span class='ocrx_word' id='word_1_277' title='bbox 398 2206 430 2240; x_wconf 93' lang='lat' dir='ltr'>D</span> <span class='ocrx_word' id='word_1_278' title='bbox 454 2205 515 2241; x_wconf 89' lang='lat' dir='ltr'>vel</span> <span class='ocrx_word' id='word_1_279' title='bbox 537 2213 694 2253; x_wconf 86' lang='lat' dir='ltr'>partem</span> <span class='ocrx_word' id='word_1_280' title='bbox 720 2203 816 2241; x_wconf 84' lang='lat' dir='ltr'>eius.</span> <span class='ocrx_word' id='word_1_281' title='bbox 852 2205 938 2240; x_wconf 84' lang='lat' dir='ltr'>Stat</span> <span class='ocrx_word' id='word_1_282' title='bbox 963 2203 1067 2240; x_wconf 88' lang='lat' dir='ltr'>enim</span> <span class='ocrx_word' id='word_1_283' title='bbox 1092 2203 1203 2251; x_wconf 88' lang='lat' dir='ltr'>quod</span> <span class='ocrx_word' id='word_1_284' title='bbox 1226 2204 1258 2238; x_wconf 91' lang='lat' dir='ltr'>D</span> <span class='ocrx_word' id='word_1_285' title='bbox 1283 2201 1332 2238; x_wconf 89' lang='lat' dir='ltr'>sit</span> <span class='ocrx_word' id='word_1_286' title='bbox 1365 2214 1556 2250; x_wconf 83' lang='lat' dir='ltr'>magnum</span> 
     </span>
     <span class='ocr_line' id='line_1_34' title="bbox 245 2259 1558 2311; baseline -0.002 -13"><span class='ocrx_word' id='word_1_287' title='bbox 245 2274 390 2310; x_wconf 86' lang='lat' dir='ltr'>corpus</span> <span class='ocrx_word' id='word_1_288' title='bbox 434 2271 478 2299; x_wconf 91' lang='lat' dir='ltr'>ut</span> <span class='ocrx_word' id='word_1_289' title='bbox 523 2266 570 2311; x_wconf 74' lang='lat'>4²¹</span> <span class='ocrx_word' id='word_1_290' title='bbox 604 2262 664 2299; x_wconf 90' lang='lat' dir='ltr'>vel</span> <span class='ocrx_word' id='word_1_291' title='bbox 709 2266 753 2310; x_wconf 69' lang='lat'>5³</span> <span class='ocrx_word' id='word_1_292' title='bbox 785 2261 916 2298; x_wconf 87' lang='lat' dir='ltr'>tocius</span> <span class='ocrx_word' id='word_1_293' title='bbox 959 2262 1005 2297; x_wconf 91' lang='lat' dir='ltr'><strong>A.</strong></span> <span class='ocrx_word' id='word_1_294' title='bbox 1055 2262 1148 2297; x_wconf 87' lang='lat' dir='ltr'>Ideo</span> <span class='ocrx_word' id='word_1_295' title='bbox 1188 2272 1307 2296; x_wconf 88' lang='lat' dir='ltr'>nemo</span> <span class='ocrx_word' id='word_1_296' title='bbox 1341 2259 1409 2308; x_wconf 86' lang='lat' dir='ltr'>qui</span> <span class='ocrx_word' id='word_1_297' title='bbox 1443 2259 1558 2308; x_wconf 89' lang='lat' dir='ltr'>ponit</span> 
     </span>
     <span class='ocr_line' id='line_1_35' title="bbox 245 2317 1556 2369; baseline -0.001 -14"><span class='ocrx_word' id='word_1_298' title='bbox 245 2321 364 2356; x_wconf 89' lang='lat' dir='ltr'>deum</span> <span class='ocrx_word' id='word_1_299' title='bbox 413 2333 530 2369; x_wconf 89' lang='lat' dir='ltr'>posse</span> <span class='ocrx_word' id='word_1_300' title='bbox 569 2329 629 2357; x_wconf 88' lang='lat' dir='ltr'>tot</span> <span class='ocrx_word' id='word_1_301' title='bbox 669 2319 871 2356; x_wconf 85' lang='lat' dir='ltr'>mirabilia</span> <span class='ocrx_word' id='word_1_302' title='bbox 910 2319 1040 2355; x_wconf 87' lang='lat' dir='ltr'>facere</span> <span class='ocrx_word' id='word_1_303' title='bbox 1074 2317 1235 2366; x_wconf 81' lang='lat' dir='ltr'>negabit</span> <span class='ocrx_word' id='word_1_304' title='bbox 1274 2317 1405 2366; x_wconf 89' lang='lat' dir='ltr'>ipsum</span> <span class='ocrx_word' id='word_1_305' title='bbox 1439 2330 1556 2366; x_wconf 88' lang='lat' dir='ltr'>posse</span> 
     </span>
    </p>

    <p class='ocr_par' dir='ltr' id='par_1_6' title="bbox 188 2376 1557 2659">
     <span class='ocr_line' id='line_1_36' title="bbox 188 2376 1555 2426; baseline -0.001 -12"><span class='ocrx_word' id='word_1_306' title='bbox 188 2381 227 2414; x_wconf 82' lang='lat'>35</span> <span class='ocrx_word' id='word_1_307' title='bbox 244 2391 432 2426; x_wconf 88' lang='lat' dir='ltr'>separare</span> <span class='ocrx_word' id='word_1_308' title='bbox 476 2381 507 2414; x_wconf 93' lang='lat' dir='ltr'>D</span> <span class='ocrx_word' id='word_1_309' title='bbox 543 2387 580 2415; x_wconf 89' lang='lat' dir='ltr'>et</span> <span class='ocrx_word' id='word_1_310' title='bbox 618 2390 769 2426; x_wconf 86' lang='lat' dir='ltr'>ponere</span> <span class='ocrx_word' id='word_1_311' title='bbox 801 2391 872 2426; x_wconf 85' lang='lat' dir='ltr'>per</span> <span class='ocrx_word' id='word_1_312' title='bbox 905 2389 964 2423; x_wconf 84' lang='lat' dir='ltr'>se;</span> <span class='ocrx_word' id='word_1_313' title='bbox 1010 2389 1090 2425; x_wconf 87' lang='lat' dir='ltr'>quo</span> <span class='ocrx_word' id='word_1_314' title='bbox 1123 2377 1242 2421; x_wconf 84' lang='lat' dir='ltr'>facto,</span> <span class='ocrx_word' id='word_1_315' title='bbox 1285 2376 1412 2412; x_wconf 87' lang='lat' dir='ltr'>eciam</span> <span class='ocrx_word' id='word_1_316' title='bbox 1447 2389 1555 2424; x_wconf 91' lang='lat' dir='ltr'>pono</span> 
     </span>
     <span class='ocr_line' id='line_1_37' title="bbox 244 2434 1556 2484; baseline -0.002 -11"><span class='ocrx_word' id='word_1_317' title='bbox 244 2438 351 2484; x_wconf 89' lang='lat' dir='ltr'>quod</span> <span class='ocrx_word' id='word_1_318' title='bbox 376 2439 407 2472; x_wconf 90' lang='lat' dir='ltr'>E</span> <span class='ocrx_word' id='word_1_319' title='bbox 438 2435 571 2473; x_wconf 87' lang='lat' dir='ltr'>veniat</span> <span class='ocrx_word' id='word_1_320' title='bbox 595 2449 639 2472; x_wconf 84' lang='lat' dir='ltr'>ex</span> <span class='ocrx_word' id='word_1_321' title='bbox 661 2437 842 2479; x_wconf 85' lang='lat' dir='ltr'>adverso,</span> <span class='ocrx_word' id='word_1_322' title='bbox 876 2436 1129 2472; x_wconf 87' lang='lat' dir='ltr'>condensans</span> <span class='ocrx_word' id='word_1_323' title='bbox 1153 2435 1212 2471; x_wconf 91' lang='lat' dir='ltr'>vel</span> <span class='ocrx_word' id='word_1_324' title='bbox 1236 2434 1399 2470; x_wconf 87' lang='lat' dir='ltr'>flectens</span> <span class='ocrx_word' id='word_1_325' title='bbox 1423 2442 1556 2482; x_wconf 89' lang='lat' dir='ltr'>partes</span> 
     </span>
     <span class='ocr_line' id='line_1_38' title="bbox 244 2492 1557 2542; baseline -0.002 -11"><span class='ocrx_word' id='word_1_326' title='bbox 244 2493 476 2542; x_wconf 85' lang='lat' dir='ltr'>graciliores</span> <span class='ocrx_word' id='word_1_327' title='bbox 501 2497 533 2530; x_wconf 94' lang='lat' dir='ltr'>D</span> <span class='ocrx_word' id='word_1_328' title='bbox 558 2507 692 2531; x_wconf 86' lang='lat' dir='ltr'>versus</span> <span class='ocrx_word' id='word_1_329' title='bbox 725 2503 946 2530; x_wconf 82' lang='lat' dir='ltr'>extremum</span> <span class='ocrx_word' id='word_1_330' title='bbox 980 2506 1094 2529; x_wconf 87' lang='lat' dir='ltr'>suum</span> <span class='ocrx_word' id='word_1_331' title='bbox 1129 2492 1267 2529; x_wconf 89' lang='lat' dir='ltr'>lacius.</span> <span class='ocrx_word' id='word_1_332' title='bbox 1300 2494 1414 2529; x_wconf 86' lang='lat' dir='ltr'>Tunc</span> <span class='ocrx_word' id='word_1_333' title='bbox 1448 2501 1557 2540; x_wconf 87' lang='lat' dir='ltr'>patet</span> 
     </span>
     <span class='ocr_line' id='line_1_39' title="bbox 245 2549 1555 2601; baseline -0.003 -12"><span class='ocrx_word' id='word_1_334' title='bbox 245 2553 352 2601; x_wconf 90' lang='lat' dir='ltr'>quod</span> <span class='ocrx_word' id='word_1_335' title='bbox 397 2561 455 2589; x_wconf 90' lang='lat' dir='ltr'>est</span> <span class='ocrx_word' id='word_1_336' title='bbox 500 2554 595 2588; x_wconf 84' lang='lat' dir='ltr'>dare</span> <span class='ocrx_word' id='word_1_337' title='bbox 639 2551 793 2588; x_wconf 90' lang='lat' dir='ltr'>instans</span> <span class='ocrx_word' id='word_1_338' title='bbox 838 2552 878 2587; x_wconf 91' lang='lat' dir='ltr'>in</span> <span class='ocrx_word' id='word_1_339' title='bbox 922 2564 1001 2600; x_wconf 88' lang='lat' dir='ltr'>quo</span> <span class='ocrx_word' id='word_1_340' title='bbox 1050 2552 1080 2588; x_wconf 94' lang='lat' dir='ltr'>C</span> <span class='ocrx_word' id='word_1_341' title='bbox 1124 2550 1252 2598; x_wconf 86' lang='lat' dir='ltr'>tangit</span> <span class='ocrx_word' id='word_1_342' title='bbox 1298 2552 1344 2597; x_wconf 83' lang='lat' dir='ltr'>D,</span> <span class='ocrx_word' id='word_1_343' title='bbox 1390 2549 1430 2586; x_wconf 88' lang='lat' dir='ltr'>in</span> <span class='ocrx_word' id='word_1_344' title='bbox 1476 2562 1555 2598; x_wconf 90' lang='lat' dir='ltr'>quo</span> 
     </span>
     <span class='ocr_line' id='line_1_40' title="bbox 243 2608 1556 2659; baseline -0.003 -12"><span class='ocrx_word' id='word_1_345' title='bbox 243 2619 404 2658; x_wconf 86' lang='lat' dir='ltr'>oportet</span> <span class='ocrx_word' id='word_1_346' title='bbox 437 2611 545 2659; x_wconf 91' lang='lat' dir='ltr'>quod</span> <span class='ocrx_word' id='word_1_347' title='bbox 578 2619 715 2658; x_wconf 82' lang='lat' dir='ltr'>tanget</span> <span class='ocrx_word' id='word_1_348' title='bbox 749 2619 968 2646; x_wconf 82' lang='lat' dir='ltr'>extremum</span> <span class='ocrx_word' id='word_1_349' title='bbox 1009 2608 1159 2657; x_wconf 84' lang='lat' dir='ltr'>gracile</span> <span class='ocrx_word' id='word_1_350' title='bbox 1198 2608 1304 2644; x_wconf 89' lang='lat' dir='ltr'>illius</span> <span class='ocrx_word' id='word_1_351' title='bbox 1344 2610 1375 2643; x_wconf 93' lang='lat' dir='ltr'>D</span> <span class='ocrx_word' id='word_1_352' title='bbox 1416 2617 1453 2644; x_wconf 90' lang='lat' dir='ltr'>et</span> <span class='ocrx_word' id='word_1_353' title='bbox 1485 2620 1556 2656; x_wconf 81' lang='lat' dir='ltr'>per</span> 
     </span>
    </p>

    <p class='ocr_par' dir='ltr' id='par_1_7' title="bbox 185 2667 1552 2775">
     <span class='ocr_line' id='line_1_41' title="bbox 185 2667 1552 2717; baseline -0.001 -14"><span class='ocrx_word' id='word_1_354' title='bbox 185 2682 229 2712; x_wconf 91' lang='lat'>40</span> <span class='ocrx_word' id='word_1_355' title='bbox 245 2681 492 2717; x_wconf 86' lang='lat' dir='ltr'>consequens</span> <span class='ocrx_word' id='word_1_356' title='bbox 512 2677 569 2705; x_wconf 90' lang='lat' dir='ltr'>est</span> <span class='ocrx_word' id='word_1_357' title='bbox 593 2669 689 2704; x_wconf 86' lang='lat' dir='ltr'>dare</span> <span class='ocrx_word' id='word_1_358' title='bbox 713 2667 984 2704; x_wconf 86' lang='lat' dir='ltr'>communiter</span> <span class='ocrx_word' id='word_1_359' title='bbox 1008 2676 1368 2715; x_wconf 85' lang='lat' dir='ltr'>quantumcunque</span> <span class='ocrx_word' id='word_1_360' title='bbox 1392 2667 1552 2713; x_wconf 75' lang='lat' dir='ltr'>longam</span> 
     </span>
     <span class='ocr_line' id='line_1_42' title="bbox 243 2724 1552 2775; baseline -0.002 -12"><span class='ocrx_word' id='word_1_361' title='bbox 243 2727 303 2763; x_wconf 89' lang='lat' dir='ltr'>vel</span> <span class='ocrx_word' id='word_1_362' title='bbox 337 2729 494 2763; x_wconf 81' lang='lat' dir='ltr'>brevem</span> <span class='ocrx_word' id='word_1_363' title='bbox 536 2735 691 2775; x_wconf 86' lang='lat' dir='ltr'>partem</span> <span class='ocrx_word' id='word_1_364' title='bbox 731 2725 1041 2762; x_wconf 81' lang='lat' dir='ltr'>determinatam</span> <span class='ocrx_word' id='word_1_365' title='bbox 1084 2726 1132 2761; x_wconf 87' lang='lat' dir='ltr'>ad</span> <span class='ocrx_word' id='word_1_366' title='bbox 1175 2724 1275 2760; x_wconf 89' lang='lat' dir='ltr'>illud</span> <span class='ocrx_word' id='word_1_367' title='bbox 1316 2733 1552 2761; x_wconf 85' lang='lat' dir='ltr'>extremum.</span> 
     </span>
    </p>
   </div>
   <div class='ocr_carea' id='block_1_3' title="bbox 313 2880 1588 2929">
    <p class='ocr_par' dir='ltr' id='par_1_8' title="bbox 313 2880 1588 2929">
     <span class='ocr_line' id='line_1_43' title="bbox 313 2880 1588 2929; baseline -0.002 -7"><span class='ocrx_word' id='word_1_368' title='bbox 313 2896 341 2923; x_wconf 72' lang='lat'>6.</span> <span class='ocrx_word' id='word_1_369' title='bbox 363 2895 392 2922; x_wconf 79' lang='lat' dir='ltr'>li’</span> <span class='ocrx_word' id='word_1_370' title='bbox 413 2896 445 2922; x_wconf 87' lang='lat' dir='ltr'>B.</span> <span class='ocrx_word' id='word_1_371' title='bbox 519 2896 546 2922; x_wconf 74' lang='lat'>8.</span> <span class='ocrx_word' id='word_1_372' title='bbox 563 2895 696 2922; x_wconf 77' lang='lat' dir='ltr'>calorem</span> <span class='ocrx_word' id='word_1_373' title='bbox 715 2895 747 2921; x_wconf 83' lang='lat' dir='ltr'>B.</span> <span class='ocrx_word' id='word_1_374' title='bbox 822 2902 850 2929; x_wconf 77' lang='lat'>9.</span> <span class='ocrx_word' id='word_1_375' title='bbox 866 2880 971 2929; x_wconf 43' lang='lat' dir='ltr'>longiis}</span> <span class='ocrx_word' id='word_1_376' title='bbox 987 2894 1023 2921; x_wconf 89' lang='lat' dir='ltr'>de</span> <span class='ocrx_word' id='word_1_377' title='bbox 1038 2894 1070 2920; x_wconf 78' lang='grc' dir='ltr'>Β.</span> <span class='ocrx_word' id='word_1_378' title='bbox 1145 2891 1188 2920; x_wconf 81' lang='lat'>23.</span> <span class='ocrx_word' id='word_1_379' title='bbox 1210 2893 1273 2928; x_wconf 80' lang='lat' dir='ltr'>v&#39;g0</span> <span class='ocrx_word' id='word_1_380' title='bbox 1301 2893 1340 2927; x_wconf 82' lang='lat' dir='ltr'>ss;</span> <span class='ocrx_word' id='word_1_381' title='bbox 1361 2893 1400 2920; x_wconf 82' lang='lat' dir='ltr'>ib.</span> <span class='ocrx_word' id='word_1_382' title='bbox 1417 2893 1504 2919; x_wconf 76' lang='lat' dir='ltr'>cor¹¹¹i</span> <span class='ocrx_word' id='word_1_383' title='bbox 1521 2892 1554 2920; x_wconf 90' lang='lat' dir='ltr'>B.</span> <span class='ocrx_word' id='word_1_384' title='bbox 1584 2894 1588 2900; x_wconf 83' lang='grc'><strong>’</strong></span> 
     </span>
    </p>
   </div>
   <div class='ocr_carea' id='block_1_4' title="bbox 242 2928 565 2965">
    <p class='ocr_par' dir='ltr' id='par_1_9' title="bbox 242 2928 565 2965">
     <span class='ocr_line' id='line_1_44' title="bbox 242 2928 565 2965; baseline -0.003 -8"><span class='ocrx_word' id='word_1_385' title='bbox 242 2928 284 2958; x_wconf 82' lang='lat'>35.</span> <span class='ocrx_word' id='word_1_386' title='bbox 305 2938 320 2957; x_wconf 95' lang='lat' dir='ltr'>c</span> <span class='ocrx_word' id='word_1_387' title='bbox 337 2938 396 2965; x_wconf 84' lang='lat' dir='ltr'>pro</span> <span class='ocrx_word' id='word_1_388' title='bbox 416 2930 512 2957; x_wconf 83' lang='lat' dir='ltr'>eciam</span> <span class='ocrx_word' id='word_1_389' title='bbox 534 2931 565 2957; x_wconf 83' lang='grc' dir='ltr'>Β.</span> 
     </span>
    </p>
   </div>
   <div class='ocr_carea' id='block_1_5' title="bbox 1798 296 1845 332">
    <p class='ocr_par' dir='ltr' id='par_1_10' title="bbox 1798 296 1845 332">
     <span class='ocr_line' id='line_1_45' title="bbox 1798 296 1845 332; baseline 0 -9"><span class='ocrx_word' id='word_1_390' title='bbox 1798 296 1845 332; x_wconf 74' lang='grc'>91</span> 
     </span>
    </p>
   </div>
  </div>
 </body>
</html>
