1996 3322
159 305 210 342 66
883 304 1105 336 JOHANNIS
1131 303 1315 334 WYCLIF
1592 299 1682 327 CAP.
1703 299 1755 326 ix.

176 428 263 456 Thus
284 425 368 452 earth
389 423 414 450 i>-
450 413 620 450 maxime
654 411 852 460 possibilis
883 409 1200 458 impressionibus
1225 408 1414 456 peregris,
1440 408 1530 444 ideo
1554 407 1756 444 ordinavit

187 464 236 490 ¹¹¹⁸
257 464 338 488 ¹¹³⁰*
359 464 409 493 am
449 470 604 508 naturis
638 471 766 519 ipsam
801 477 1052 506 constantem
1079 468 1118 503 in
1142 467 1277 503 medio
1303 466 1441 502 mundi
1466 467 1515 502 ad
1539 465 1756 502 terminan-

212 503 242 524 ῙΟ
265 503 380 523 ΠΣΟΕΙΥΕ

173 530 415 601 ῃξῑέἶςῖῐὲζῗὲῡζὲῗο
451 531 545 566 dum
587 528 788 576 copiosius
829 526 1075 563 incitlencias
1114 525 1244 561 varias
1289 525 1500 572 angulares
1556 523 1757 560 luminum

160 604 234 630 least
257 605 354 628 acm-e
376 597 434 624 and
453 587 671 625 celestium.
716 586 830 623 Unde
871 594 929 621 est
967 583 1090 620 tactui
1131 582 1368 620 naturaliori
1408 595 1596 618 sensuum
1630 582 1758 618 nosci-

161 635 582 701 ¹‘}j¹f5tml},¹{f}{³,¹‚¹{1¹,¹ffbilior,
644 644 774 680 minus
814 643 940 679 activa
980 651 1015 678 et
1065 641 1232 687 motiva3
1279 653 1355 688 que
1409 653 1548 676 omnes
1587 648 1758 676 noscunt

163 705 431 770 mievrlilglregggies
454 716 537 740 esse
591 702 850 739 condiciones
900 700 1067 736 materie
1120 709 1155 735 et
1207 712 1228 735 a
1273 698 1577 735 condicionibus
1630 699 1758 734 forme

163 751 291 805 {ugiess
313 773 437 805 mobile,
453 761 670 810 plurimum
714 761 913 807 elongate.
956 759 1128 794 Econtra
1162 766 1296 793 autem
1338 769 1509 804 corpora
1549 756 1759 804 superiora

192 811 398 880 ,gffssfsspffflfssffff
453 829 542 856 sunt
575 818 832 867 paucioribus
866 816 995 853 modis
1030 815 1208 859 mobilia,
1234 814 1449 863 perspicua
1481 815 1531 850 ad
1564 814 1760 862 recipien-

453 880 547 914 dum
582 876 737 912 lumina
771 874 945 921 celestia,
971 883 1013 910 ut
1036 874 1091 910 sic
1125 873 1202 910 sint
1236 872 1368 909 media
1392 874 1441 909 ad
1476 873 1641 908 modum
1676 884 1759 909 cor-

454 948 551 984 pora
584 934 800 971 terrestria.

164 995 437 1060 ἶξιίξῐῖἑῗκῐέθὲὲῗζῑ
512 996 553 1029 In
586 1002 742 1029 tantum
777 992 884 1040 quod
917 990 1090 1038 primum
1127 990 1255 1026 celum
1280 988 1444 1037 ponitur
1467 987 1619 1025 moveri
1642 987 1760 1024 unico

228 1067 380 1093 withone
456 1060 565 1087 motu
619 1049 933 1098 simplicissimo,
987 1057 1023 1084 et
1076 1047 1142 1084 alii
1196 1047 1268 1084 celi
1314 1046 1523 1083 inferiores
1567 1045 1760 1094 pluribus.

169 1103 429 1164 δῑῃξιξὶεοῐζῇζξῗξω
456 1111 604 1146 Omnes
657 1109 761 1144 celos
813 1117 947 1144 tamen
1001 1114 1156 1154 ponunt
1200 1105 1431 1153 philosophi
1485 1113 1687 1152 exemptos
1741 1116 1763 1140 a

191 1172 415 1234 bxss'titssotpeozzn
455 1167 664 1211 violencia,
704 1166 744 1201 in
777 1178 894 1213 spera
927 1176 1083 1200 servare
1117 1165 1286 1200 eundem
1321 1163 1440 1198 situm
1477 1163 1657 1208 totalem,
1690 1174 1762 1198 nec

222 1243 256 1268 be
278 1238 387 1266 moved
457 1225 590 1273 aliqua
624 1224 790 1260 materia
826 1232 957 1259 motus
991 1223 1160 1258 habente
1200 1221 1447 1257 contrarium
1488 1219 1761 1256 transmutari.

195 1275 412 1338 ἃὲῃῐζῐὲξιῐῃῖἒεπ
457 1285 505 1319 Et
538 1285 585 1319 de
618 1295 731 1330 spera
766 1280 1086 1329 corruptibilium
1122 1288 1279 1328 ponunt
1302 1279 1506 1327 regionem
1531 1290 1762 1326 supremam

171 1341 558 1409 {geijpllffisgggtignis
584 1342 751 1376 multum
788 1340 1035 1376 conformem
1071 1338 1344 1386 superioribus
1377 1336 1616 1382 lacionibus,
1642 1345 1678 1372 et
1708 1336 1764 1371 sic

170 1398 431 1444 liketiiatoftlse
457 1399 653 1447 gradatim
701 1411 826 1446 usque
870 1399 919 1434 ad
958 1406 1125 1433 terram:
1166 1396 1206 1431 in
1250 1404 1406 1432 tantum
1448 1396 1555 1443 quod
1602 1403 1765 1442 propter

205 1451 414 1513 ᾖιὲζῖιῇῼέιῖξ,
459 1456 761 1504 elongacionem
804 1456 971 1492 istorum
1013 1454 1268 1503 superiorum
1303 1466 1324 1489 a
1357 1453 1551 1496 sensibus,
1600 1451 1763 1500 quidam

459 1524 616 1563 ponunt
649 1515 735 1562 ipsa
766 1527 905 1557 vacua,
947 1512 1014 1549 alii
1054 1525 1173 1560 puras
1214 1512 1378 1558 formas,
1425 1520 1462 1547 et
1496 1510 1562 1547 alii
1595 1522 1766 1557 corpora

260 1589 357 1624 sight,
461 1574 630 1609 multum
665 1572 862 1608 formalia.
904 1572 1018 1608 Unde
1050 1571 1126 1615 lux,
1168 1569 1290 1616 color,
1331 1578 1367 1605 et
1407 1568 1637 1605 huiusmodi
1676 1576 1767 1604 sunt

173 1623 439 1694 Εζξῑῐῖῗᾛῃξῇᾒέζῗ
461 1630 674 1679 qualitates
697 1630 849 1673 vitales,
875 1642 963 1666 cum
983 1628 1125 1676 quibus
1150 1627 1283 1664 anima
1308 1627 1563 1670 intellectiva,
1579 1638 1767 1674 suprema

192 1692 422 1757 bssmxgllstcclssuglfe
460 1689 590 1725 forma
636 1687 894 1733 naturalium,
941 1687 1150 1734 copulatur
1193 1685 1353 1733 corpori
1401 1695 1592 1733 tanquam
1637 1685 1767 1720 forma

190 1765 257 1792 sont
280 1764 305 1790 is
326 1761 427 1796 joined
462 1756 498 1783 et
533 1746 689 1782 motrix.
725 1746 790 1783 Sic
824 1745 928 1782 enim
953 1744 1137 1781 homines
1160 1745 1249 1792 plus
1274 1745 1464 1780 habentes
1489 1745 1537 1779 de
1561 1741 1767 1790 spiritibus

180 1797 437 1862 miratae

195 1871 241 1898 As
262 1876 331 1895 men
352 1867 423 1892 who
462 1862 761 1911 proporcionali
791 1861 1010 1898 extrinseca
1049 1870 1130 1897 tam
1171 1859 1353 1897 homines
1387 1872 1506 1908 quam
1542 1858 1666 1895 bestie
1697 1871 1767 1894 na-

208 1905 418 1971 1lissidesri¹3i³rriis
462 1920 643 1957 turaliter
676 1921 941 1965 delectantur,
973 1920 1181 1955 horrentes
1214 1920 1419 1964 tenebras;
1454 1929 1626 1965 cumque
1659 1917 1768 1953 calor

225 1979 403 2041 iffffizlffig‘ssffi,
462 1979 657 2015 naturalis
703 1987 739 2014 et
783 1977 992 2014 humidum
1039 1976 1182 2013 subtile
1229 1976 1388 2012 extincti
1434 1975 1595 2021 fuerint,
1642 1982 1769 2011 cessat

175 2040 448 2106 anclioiilcljfinfflwls
464 2037 664 2073 animacio
697 2035 957 2084 qualitatibus
982 2034 1318 2071 mortificantibus
1343 2035 1392 2070 ad
1416 2042 1598 2070 centrum
1622 2034 1769 2069 ducen-

258 2121 292 2140 so
311 2085 400 2139 mge,
462 2094 579 2130 tibus.
632 2096 686 2130 Ex
734 2093 868 2129 multis
913 2093 1058 2129 talibus
1104 2101 1233 2140 potest
1278 2093 1490 2128 attendens
1535 2089 1770 2127 convincere

178 2144 448 2211 ngffkfssgftffilrssfth
464 2153 669 2200 quomodo
703 2153 899 2188 elementa
933 2150 1141 2198 superiora
1178 2151 1266 2198 plus
1299 2151 1445 2186 habent
1485 2150 1532 2185 de
1568 2148 1771 2184 condicio-

195 2218 253 2246 and
276 2216 425 2278 mogssffiff
464 2210 580 2246 nibus
612 2211 753 2253 forme,
788 2209 858 2245 etsi
892 2209 1009 2256 longe
1043 2209 1130 2256 plus
1164 2209 1311 2244 habent
1343 2209 1390 2243 de
1422 2215 1567 2243 natura
1591 2205 1769 2243 materie.

194 2261 339 2316 {rapsletsis
360 2270 440 2320 quit'e
523 2269 581 2303 Ad
618 2271 694 2305 9.Πιῃ
722 2267 940 2312 racionem,
989 2266 1134 2302 dicitur
1172 2267 1279 2314 quod
1311 2265 1542 2313 oppositum
1577 2264 1770 2312 sequitur,

199 2323 429 2390 flliiecssilssreiigi-
467 2338 556 2362 curn
574 2325 751 2369 raritate,
769 2338 845 2372 que
869 2333 926 2360 est
945 2324 1116 2372 qualitas
1133 2322 1541 2371 superhabundantis,
1559 2323 1771 2370 dyaphana

214 2391 417 2442 bodies-haye
469 2380 711 2430 [exce'dunt];
746 2392 782 2419 et
802 2382 1006 2431 inferiora,
1039 2390 1081 2417 ut
1105 2383 1298 2418 excedunt
1320 2381 1360 2416 in
1383 2380 1625 2428 oppacitate,
1652 2380 1706 2416 ita
1730 2379 1770 2415 in

215 2429 411 2487 morgnharit)
468 2441 676 2487 densitate,
717 2453 793 2489 que
818 2449 874 2476 est
897 2439 1080 2488 qualitas.
1114 2441 1202 2475 Non
1224 2439 1279 2475 sic
1301 2440 1407 2486 quod
1433 2438 1472 2474 in
1494 2451 1574 2474 uno
1605 2449 1772 2485 corpore

195 2501 434 2558 tffiseffiill'fffssffilffl
467 2498 619 2546 equalis
653 2498 890 2547 quantitatis
923 2497 1001 2533 sint
1031 2497 1235 2545 punctalia
1265 2496 1430 2544 spissius
1460 2495 1587 2543 posita
1612 2508 1690 2544 quo
1723 2497 1772 2531 ad

202 2551 429 2626 mog-edqpaptit}
466 2557 597 2592 locum
624 2569 743 2604 quam
769 2556 808 2592 in
832 2555 1008 2604 quolibet
1032 2554 1104 2591 sibi
1128 2555 1226 2602 pari.
1259 2556 1306 2590 Et
1331 2567 1409 2602 quo
1433 2555 1481 2590 ad
1506 2553 1710 2590 raritatem
1735 2561 1774 2589 et

207 2608 242 2627 ³¹¹
254 2607 373 2668 ssutssnffl
389 2607 416 2633 3·
467 2614 720 2660 densitatem,
754 2626 830 2662 que
852 2613 1102 2661 posicionem
1126 2621 1282 2659 sonant,
1317 2613 1460 2648 multas
1478 2611 1656 2660 implicia
1679 2610 1773 2659 ipsis

461 1805 605 1841 lucidis
653 1813 745 1840 sunt
785 1803 911 1851 magis
956 1802 1172 1851 ingeniosi3
1227 1810 1263 1838 et
1302 1801 1342 1838 in
1382 1802 1468 1838 luce
1508 1809 1545 1837 et
1585 1800 1767 1837 claritate
1809 1804 1821 1836 .”

1782 947 1819 968 10

1785 1225 1819 1257 15

1788 2383 1828 2416 35

213 2670 262 2697 the
283 2676 371 2695 sense
392 2668 428 2694 ot*
468 2672 711 2720 participant
735 2680 841 2708 extra
867 2671 1000 2710 mixta,
1026 2673 1099 2707 Pro
1133 2670 1264 2706 mixtis
1297 2678 1430 2706 autem
1454 2678 1545 2705 sunt
1578 2669 1773 2705 elementa
1788 2682 1832 2712 40

215 2705 369 2732 closcness
389 2702 423 2729 of

194 2737 436 2808 pigirincffimpdnsly
468 2729 675 2778 superiora
701 2729 825 2777 magis
848 2742 990 2777 pauca,
1022 2737 1059 2765 et
1087 2741 1157 2776 per
1181 2740 1430 2776 consequens
1464 2726 1590 2763 rarius
1629 2725 1773 2774 posita.

223 2816 273 2835 are
294 2815 360 2834 rare
380 2815 415 2834 or

264 2842 369 2870 dense·
541 2861 560 2880 1.
584 2852 697 2887 pe’gris
718 2851 749 2878 Β.
858 2850 904 2885 34.
926 2851 1075 2878 excedunt
1094 2851 1176 2878 deest
1196 2850 1228 2879 B.

539 2925 570 2956 8.
599 2925 796 2965 Perspicua.
823 2924 898 2955 The
923 2923 1193 2966 “crystallines‘'.
1221 2923 1273 2953 for
1299 2924 1461 2954 instance.
