1996 3322
172 311 224 345 40

206 422 263 447 wt-
284 430 404 448 answct‘

181 457 244 483 that
264 456 430 490 continuit)

173 492 208 518 of
225 496 399 517 movement
420 493 445 518 is

192 530 350 559 apparent,
373 531 425 552 not

218 561 289 593 real,
311 569 343 586 as
365 561 400 586 all

195 595 364 630 continuity
385 596 420 622 is.

213 653 279 680 The
300 662 404 680 senses

189 689 269 715 often
293 688 419 715 mislead

224 732 258 750 us
280 723 308 750 in
329 723 390 750 this

245 762 365 785 matter.

174 828 273 855 When
296 828 345 854 the
366 828 439 854 time

187 864 276 890 taken
298 871 337 897 up
360 863 397 898 by
418 871 433 888 a

177 899 392 933 phenomenon
414 898 440 924 is

213 941 286 968 very
308 933 404 962 short,

171 968 254 994 there
275 975 324 994 are
346 975 438 1002 many

231 1003 383 1029 illnsions.

215 1039 242 1064 A
264 1037 396 1071 burning

191 1072 297 1101 brand,
321 1079 429 1106 swung

190 1107 300 1137 round,
323 1115 422 1132 scenis

171 1150 185 1167 a
206 1142 295 1168 circle
316 1142 351 1167 ot
369 1142 437 1169 lire:

179 1185 193 1202 a
216 1177 266 1202 red
290 1176 376 1211 point
398 1184 435 1202 on

209 1219 223 1237 a
245 1211 336 1237 white
358 1216 410 1245 top

196 1246 293 1272 forms
315 1254 329 1272 a
350 1246 440 1272 circle

199 1286 260 1309 too„
282 1280 370 1306 when
394 1280 412 1306 it

232 1315 380 1341 revolves.

202 1350 333 1382 Reason⁷
356 1354 409 1376 not

180 1393 276 1417 sense,
298 1389 379 1411 must
400 1385 434 1411 bc

186 1419 275 1454 jndgc
297 1420 325 1446 in
348 1420 420 1446 such

241 1459 375 1481 matters.

212 1582 270 1611 We
292 1582 330 1609 do
353 1586 404 1608 not

242 1622 313 1644 note
333 1617 381 1643 the

249 1653 364 1679 minute

200 1689 335 1714 motions
356 1686 414 1713 and

179 1727 256 1749 rests
278 1721 444 1756 distinctly,

191 1758 242 1783 but
262 1758 345 1783 there
366 1757 391 1782 is
412 1764 427 1782 a

234 1791 383 1818 confused

213 1827 322 1860 feeling
342 1826 405 1852 that

200 1861 352 1894 produces
373 1861 423 1886 the

250 1896 316 1922 idea
338 1895 372 1921 of

211 1931 397 1957 continuous

242 1966 369 1992 motion.

178 2000 256 2027 This
277 2001 393 2026 motion
417 1999 440 2026 is

242 2036 312 2061 thus
333 2043 369 2061 an

207 2075 365 2104 aggregate
386 2070 420 2096 ot‘
464 2096 469 2102 ,

261 2113 351 2139 many

174 2144 365 2166 movements
386 2139 444 2166 and

209 2182 300 2210 many
323 2179 410 2201 rests.

192 2393 370 2429 Continuity
392 2396 421 2420 ot

203 2430 318 2456 motion
342 2437 411 2464 may

181 2465 274 2499 apply
294 2464 390 2490 either
410 2467 440 2490 to

220 2503 396 2525 movement

204 2533 332 2560 without
354 2541 411 2568 any

199 2568 414 2602 intermingled

222 2607 293 2635 rest,
315 2611 350 2629 or
370 2607 400 2629 to

200 2641 375 2664 movenient
395 2637 429 2664 of

226 2672 325 2699 which
346 2672 397 2698 the

244 2716 260 2740 p
266 2707 288 2733 ri
295 2715 321 2733 m
328 2715 342 2732 a
347 2715 359 2733 r
363 2715 379 2742 y

220 2750 358 2768 measure
380 2742 405 2767 is

209 2777 405 2803 continuom.

903 310 1127 341 JOHANNIS
1154 311 1338 342 WYCLIF
1608 309 1697 337 CAP.
1718 310 1769 337 IX.

521 415 595 450 Hic
619 414 766 451 dicitur
789 417 895 463 quod
920 416 1167 464 loquendum
1193 426 1250 452 est
1275 418 1322 453 de
1347 417 1661 455 continuacione
1689 432 1771 455 mo-

462 481 573 508 tuum
609 485 689 521 quo
723 475 772 509 ad
806 482 965 521 tempus
997 474 1056 509 vel
1089 487 1168 522 quo
1202 476 1251 510 ad
1291 475 1529 516 subiectum,
1579 476 1681 513 sicut
1714 477 1771 513 di-

461 531 631 566 cendum
683 540 739 567 est
786 533 833 567 de
879 531 1142 568 continuitate
1184 532 1405 569 formarum
1440 534 1769 571 substancialium

460 597 498 624 et
527 588 769 637 simplicium
794 589 834 625 in
869 589 1013 635 mixtis,
1040 598 1076 625 et
1109 591 1156 626 de
1190 590 1385 627 densitate
1418 604 1464 628 ac
1487 592 1651 629 raritate
1685 605 1771 636 cor-

459 660 616 695 porum.
659 650 734 683 Pro
768 660 846 695 quo
881 648 1140 698 declarando,
1173 650 1395 685 notandum
1432 654 1489 685 2¹n
1524 650 1768 687 sentenciam

460 706 802 753 perspectivorum
822 714 857 742 et
875 718 1130 742 communem
1147 706 1456 754 experienciam,
1474 709 1580 756 quod
1599 709 1771 745 maxima

459 764 649 812 decepcio
684 763 880 811 contingit
913 764 953 800 in
987 764 1181 814 sensibus,
1199 764 1238 800 in
1271 765 1535 813 significando
1570 766 1770 803 continui-

460 830 583 858 tatem
619 831 762 857 motus.
799 822 920 857 Cuius
954 821 1062 858 racio
1097 831 1167 868 est,
1201 822 1295 871 quia
1329 832 1410 859 tam
1445 825 1495 860 ad
1528 823 1624 861 situs
1648 838 1769 873 quam

461 882 511 916 ad
546 889 677 916 motus
710 879 1056 927 signiticacionem
1084 881 1304 929 requiritur
1326 890 1484 929 tempus
1509 883 1769 927 conveniens3

462 946 498 973 et
532 937 621 974 ideo
656 938 830 985 parvitas
869 938 1063 986 temporis
1104 939 1196 975 facit
1234 939 1430 987 quotlibet
1468 939 1693 987 illusiones;
1728 949 1770 976 ut

462 995 557 1031 ticio
591 996 891 1032 circumductus
924 996 964 1031 in
996 996 1183 1032 noctibus
1207 997 1365 1033 videtur
1399 1010 1565 1034 causare
1598 998 1766 1046 ignitum

463 1053 674 1099 circulum,
700 1054 803 1090 sicut
837 1063 873 1090 et
907 1064 1080 1101 punctus
1116 1054 1316 1091 sensibilis
1350 1055 1580 1092 rubricatus
1613 1056 1653 1093 in
1678 1058 1770 1093 base

462 1112 552 1148 alba
586 1112 685 1148 troci
720 1112 903 1148 celeriter
937 1112 1225 1155 circumducti3
1260 1121 1301 1149 ut
1335 1114 1534 1162 exemplat
1566 1115 1770 1151 Avicenna

462 1171 507 1206 (30
542 1170 802 1212 naturalium,
845 1179 881 1206 et
915 1170 1084 1206 Boccius
1117 1170 1157 1206 in
1189 1171 1390 1219 principio
1433 1172 1583 1208 musice
1617 1186 1699 1219 sue,
1734 1182 1771 1209 et

462 1228 709 1275 experiencia
744 1228 971 1264 communis
1012 1230 1059 1264 de
1098 1228 1368 1265 ioculantibus
1408 1231 1525 1266 docet
1564 1230 1682 1267 idem.
1724 1233 1771 1266 Et
1813 1235 1822 1266 ἶ

461 1294 570 1332 patet
610 1287 716 1334 quod
758 1299 838 1322 non
887 1294 943 1322 est
984 1288 1228 1322 credendum
1276 1287 1406 1323 sensui
1453 1289 1693 1336 generaliter
1732 1288 1771 1324 in

461 1343 618 1383 talibus,
659 1345 725 1380 sed
760 1343 898 1391 pocius
939 1340 1105 1390 racioni,
1147 1357 1322 1381 errorem
1364 1357 1500 1381 sensus
1541 1347 1770 1395 corrigenti.

464 1402 576 1438 Unde
609 1403 657 1438 de
695 1402 964 1450 singularibus
1002 1402 1184 1438 sensibus
1231 1404 1424 1439 habemus
1464 1404 1602 1441 exilem
1644 1405 1771 1441 scien-

462 1459 577 1505 ciam,
611 1473 731 1507 quam
767 1459 892 1508 aliqui
915 1469 1059 1497 vocant
1082 1460 1296 1497 scienciam
1321 1461 1590 1498 communiter
1622 1463 1770 1500 dictam

460 1517 674 1554 scienciam
709 1518 943 1566 putativam,
978 1519 1242 1566 probabilem,
1277 1519 1498 1567 thopicam,
1521 1520 1602 1556 sive
1636 1521 1769 1558 fidem.

461 1578 515 1611 Ex
548 1576 623 1612 ista
656 1576 925 1624 proporcione
959 1589 1052 1624 ergo
1085 1577 1279 1625 temporis
1313 1577 1603 1623 convenientis,
1626 1591 1668 1615 ex
1692 1592 1770 1615 uno

460 1634 585 1670 latere
610 1635 705 1670 latet
729 1647 889 1671 sensum
914 1635 1004 1670 talis
1027 1647 1173 1683 parvus
1213 1644 1344 1672 motus
1384 1637 1508 1681 velox,
1544 1645 1580 1672 et
1614 1648 1657 1672 ex
1690 1636 1770 1673 alio

462 1692 584 1728 latere
620 1701 754 1728 manet
788 1693 827 1728 in
860 1705 977 1729 sensu
1012 1693 1217 1729 communi
1252 1702 1288 1729 et
1321 1693 1592 1742 ymaginativa
1616 1695 1770 1743 species

462 1758 497 1785 et
530 1749 679 1786 iudicia
713 1760 867 1787 servata
908 1751 955 1786 de
995 1751 1196 1787 coloribus
1237 1760 1274 1787 et
1312 1751 1465 1795 sitibus,
1507 1753 1601 1788 dum
1639 1762 1770 1789 motus

463 1808 607 1843 fuerint
641 1809 822 1845 celeriter
856 1808 1034 1856 repetiti;
1069 1818 1105 1845 et
1140 1808 1230 1845 hinc
1264 1809 1306 1845 fit
1339 1809 1428 1845 talis
1462 1809 1605 1846 illusio.

522 1869 566 1900 20
600 1875 852 1914 supponatur
897 1879 940 1902 ex
986 1879 1107 1914 supra
1155 1867 1271 1903 dictis
1324 1869 1431 1915 quod
1484 1867 1585 1904 sicut
1639 1878 1770 1905 motus

462 1933 674 1971 agregatus
706 1933 872 1961 vocatur
905 1933 1036 1960 motus
1070 1924 1172 1960 inter
1206 1924 1318 1961 cuius
1350 1935 1484 1973 partes
1525 1925 1771 1962 intercidunt

463 1982 587 2018 multe
603 1982 758 2030 quietes
780 1983 840 2019 vel
866 1983 990 2018 multa
1023 1982 1348 2019 substancialiter
1371 1983 1426 2019 illi
1450 1983 1770 2031 impertinencia,

464 2040 833 2087 proporcionaliter
881 2040 1093 2076 dicendum
1150 2049 1208 2076 est
1253 2054 1332 2089 quo
1377 2042 1425 2077 ad
1471 2041 1769 2079 intercisionem

463 2098 701 2134 1nstancium
743 2100 790 2135 de
831 2099 1110 2147 quandalitate
1149 2099 1209 2134 vel
1251 2107 1432 2146 tempore
1466 2109 1670 2147 agregato.
1706 2101 1770 2137 Sic

462 2155 570 2191 enim
606 2165 766 2203 oportet
806 2156 1091 2204 philosophum
1130 2156 1254 2204 loqui,
1295 2156 1530 2204 ampliando
1570 2159 1689 2194 verba
1723 2160 1770 2194 de

462 2214 649 2260 presenti,
699 2216 862 2262 quando
895 2215 1074 2262 loquitur
1118 2215 1165 2249 de
1200 2213 1431 2250 huiusmodi
1471 2215 1689 2263 agregati33
1728 2225 1770 2252 ut

463 2280 574 2318 patet
607 2273 654 2308 de
688 2272 812 2319 stirpe
844 2273 904 2308 vel
937 2284 1094 2319 genere,
1136 2273 1183 2308 de
1217 2271 1409 2320 religione
1442 2273 1501 2309 vel
1534 2273 1687 2319 ordine,
1722 2275 1770 2310 de

465 2330 618 2376 populo
650 2331 711 2365 vel
744 2342 987 2377 quacunque
1021 2329 1097 2365 alia
1134 2329 1402 2366 multitudine.

520 2388 588 2422 His
622 2387 826 2435 premissis
859 2387 1005 2423 dicitur
1038 2391 1084 2436 30
1118 2389 1226 2435 quod
1261 2387 1474 2435 dupliciter
1507 2388 1653 2425 dicitur
1687 2402 1769 2425 mo-

462 2453 524 2480 tus
571 2445 805 2491 continuus;
852 2446 911 2482 vel
960 2445 1199 2492 simpliciter
1244 2454 1285 2481 ut
1337 2446 1465 2482 solum
1514 2455 1657 2492 motus,
1711 2448 1770 2482 vel

461 2502 748 2547 velocissimus,
783 2503 886 2540 inter
918 2503 1030 2539 cuius
1062 2512 1196 2551 partes
1228 2516 1308 2539 non
1342 2513 1400 2539 est
1442 2503 1578 2552 aliqua
1618 2504 1770 2541 invasio

463 2559 609 2608 quietis
657 2561 860 2609 opposite;
913 2562 974 2598 vel
1027 2569 1158 2597 motus
1204 2560 1421 2597 continuus
1465 2574 1545 2610 quo
1589 2563 1639 2598 ad
1687 2562 1770 2598 eius

462 2618 636 2666 primam
672 2631 914 2665 mensuram,
939 2619 1031 2655 licet
1062 2618 1302 2655 intercidant
1326 2619 1448 2655 multe
1471 2619 1624 2667 quietes
1647 2632 1771 2668 oppo-

1793 956 1830 976 10

1788 1534 1829 1555 ‘20

463 2676 549 2712 site.
599 2679 646 2712 Et
691 2677 810 2713 istum
858 2689 957 2713 voco
1003 2686 1157 2713 motum
1201 2677 1435 2713 continuum
1472 2681 1528 2712 2m
1560 2676 1668 2725 quid.
1723 2680 1828 2721 Et40

463 2734 594 2770 taliter
655 2744 814 2782 oportet
876 2747 1158 2783 quemcunque
1211 2735 1563 2782 philosophantem
1619 2747 1768 2782 ponere

535 2932 570 2960 13.
592 2924 764 2960 deiocut‘fiffl
787 2933 818 2960 B.
930 2931 974 2960 36.
998 2933 1041 2960 sol
1064 2933 1096 2960 B.
